{
    "Stores": [

       { "name": "Supervalu",
       "email": "support@overlapd.ie",
       "phone": "0123456789",
       "address" : "Tesco Add",
       "image" : "assets/storeLogos/supervalu.png",
       "products" : {
           "Bakery" : {
               "B" : [
                   {
                       "Title" : "Some title",
                       "Price" : "\u20ac0.40",
                       "Promotional Price":"2 for \u20ac2.20 Clubcard Price - Buy Tesco Irish Grown Daffodils",
                       "Price Per": "\u20ac0.40/each",
                       "Product URL":"https://www.tesco.ie/groceries/en-IE/products/250202048",
                       "Image URL":"https://digitalcontent.api.tesco.com/v2/media/ghs-mktg/b0b04216-fa73-466d-a9d7-c9fcfa1ce9b3/no-image.jpeg",
                       "productId": 9999,
                       "store": {
                            "name": "Supervalu",
                            "address": "122 Supervalu",
                            "image" :"assets/storeLogos/supervalu.png",
                            "hierarchy" : ["A", "B"]
                       }
                   }
               ]
           }
       }
           
       },
        {
            "name": "Tesco",
            "email": "support@overlapd.ie",
            "phone": "0123456789",
            "address": "123 Fake Street, Dublin",
            "products": {
                "Bakery": {
                    "Finest Bakery": [
                        {
                            "Title": "Tesco Finest Multiberry Scone",
                            "Price": "\u20ac1.50",
                            "Promotional Price": "Any 3 for \u20ac3 Clubcard Price - Selected *tesco Finest Scone Or Et Voila Croissant Or Danish",
                            "Price Per": "\u20ac1.50/each",
                            "Product URL": "https://www.tesco.ie/groceries/en-IE/products/315448069",
                            "Image URL": "https://digitalcontent.api.tesco.com/v2/media/ghs/f4789486-e203-4721-846a-40d959d6bf76/d500c1f4-cda3-4990-85d9-5da8b613f098_1529311154.jpeg?h=225&w=225",
                            "productId": 8528,
                            "store": {
                                "name": "Tesco",
                                "address": "123 Fake Street, Dublin",
                                "image": "assets/storeLogos/tesco.png",
                                "hierarchy": [
                                    "Bakery",
                                    "Finest Bakery"
                                ]
                            }
                        },
                        {
                            "Title": "Tesco Finest Vintage Cheese Boule",
                            "Price": "\u20ac3.50",
                            "Promotional Price": "",
                            "Price Per": "\u20ac3.50/each",
                            "Product URL": "https://www.tesco.ie/groceries/en-IE/products/315360039",
                            "Image URL": "https://digitalcontent.api.tesco.com/v2/media/ghs/25fc5c02-e5c2-47c1-a9f0-92f55096766c/89559e3c-d85a-411a-8cc4-199d67c6d17e_339427881.jpeg?h=225&w=225",
                            "productId": 7874,
                            "store": {
                                "name": "Tesco",
                                "address": "123 Fake Street, Dublin",
                                "image": "assets/storeLogos/tesco.png",
                                "hierarchy": [
                                    "Bakery",
                                    "Finest Bakery"
                                ]
                            }
                        },
                        {
                            "Title": "Tesco Finest Lemon Cake",
                            "Price": "\u20ac20.00",
                            "Promotional Price": "",
                            "Price Per": "\u20ac20.00/each",
                            "Product URL": "https://www.tesco.ie/groceries/en-IE/products/314829790",
                            "Image URL": "https://digitalcontent.api.tesco.com/v2/media/ghs/b1d599c4-492c-434b-8fdd-578aeffae527/23bc5df3-0a0a-41be-900b-da884961149c.jpeg?h=225&w=225",
                            "productId": 9025,
                            "store": {
                                "name": "Tesco",
                                "address": "123 Fake Street, Dublin",
                                "image": "assets/storeLogos/tesco.png",
                                "hierarchy": [
                                    "Bakery",
                                    "Finest Bakery"
                                ]
                            }
                        },
                        {
                            "Title": "Tesco Finest Lemon Cake",
                            "Price": "\u20ac20.00",
                            "Promotional Price": "",
                            "Price Per": "\u20ac20.00/each",
                            "Product URL": "https://www.tesco.ie/groceries/en-IE/products/314829790",
                            "Image URL": "https://digitalcontent.api.tesco.com/v2/media/ghs/b1d599c4-492c-434b-8fdd-578aeffae527/23bc5df3-0a0a-41be-900b-da884961149c.jpeg?h=225&w=225",
                            "productId": 5452,
                            "store": {
                                "name": "Tesco",
                                "address": "123 Fake Street, Dublin",
                                "image": "assets/storeLogos/tesco.png",
                                "hierarchy": [
                                    "Bakery",
                                    "Finest Bakery"
                                ]
                            }
                        }
                    ],
                    "Cakes, Cake Bars, Slices & Pies": [
                        {
                            "Title": "Disney Encanto Cake",
                            "Price": "\u20ac18.00",
                            "Promotional Price": "",
                            "Price Per": "\u20ac18.00/each",
                            "Product URL": "https://www.tesco.ie/groceries/en-IE/products/315073713",
                            "Image URL": "https://digitalcontent.api.tesco.com/v2/media/ghs/0e025845-b746-4192-852f-7b926b9ae63a/b3e3ffed-4932-4e1a-8113-30d72290b525.jpeg?h=225&w=225",
                            "productId": 6893,
                            "store": {
                                "name": "Tesco",
                                "address": "123 Fake Street, Dublin",
                                "image": "assets/storeLogos/tesco.png",
                                "hierarchy": [
                                    "Bakery",
                                    "Cakes, Cake Bars, Slices & Pies"
                                ]
                            }
                        },
                        {
                            "Title": "Broderick's High Prtn Caramel Crspy 6 Mini Bites 96G",
                            "Price": "\u20ac4.00",
                            "Promotional Price": "\u20ac3.00 Clubcard Price",
                            "Price Per": "\u20ac41.67/kg",
                            "Product URL": "https://www.tesco.ie/groceries/en-IE/products/315389449",
                            "Image URL": "https://digitalcontent.api.tesco.com/v2/media/ghs/4a480729-87cf-4b2f-9df6-bbd6d9fb4a92/faf8734d-9cf8-4a83-ae46-613cca9d9602_38656575.jpeg?h=225&w=225",
                            "productId": 6548,
                            "store": {
                                "name": "Tesco",
                                "address": "123 Fake Street, Dublin",
                                "image": "assets/storeLogos/tesco.png",
                                "hierarchy": [
                                    "Bakery",
                                    "Cakes, Cake Bars, Slices & Pies"
                                ]
                            }
                        },
                        {
                            "Title": "Broderick's High Prtn Caramel Crspy 6 Mini Bites 96G",
                            "Price": "\u20ac4.00",
                            "Promotional Price": "\u20ac3.00 Clubcard Price",
                            "Price Per": "\u20ac41.67/kg",
                            "Product URL": "https://www.tesco.ie/groceries/en-IE/products/315389449",
                            "Image URL": "https://digitalcontent.api.tesco.com/v2/media/ghs/4a480729-87cf-4b2f-9df6-bbd6d9fb4a92/faf8734d-9cf8-4a83-ae46-613cca9d9602_38656575.jpeg?h=225&w=225",
                            "productId": 7568,
                            "store": {
                                "name": "Tesco",
                                "address": "123 Fake Street, Dublin",
                                "image": "assets/storeLogos/tesco.png",
                                "hierarchy": [
                                    "Bakery",
                                    "Cakes, Cake Bars, Slices & Pies"
                                ]
                            }
                        },
                        {
                            "Title": "Disney Encanto Cake",
                            "Price": "\u20ac18.00",
                            "Promotional Price": "",
                            "Price Per": "\u20ac18.00/each",
                            "Product URL": "https://www.tesco.ie/groceries/en-IE/products/315073713",
                            "Image URL": "https://digitalcontent.api.tesco.com/v2/media/ghs/0e025845-b746-4192-852f-7b926b9ae63a/b3e3ffed-4932-4e1a-8113-30d72290b525.jpeg?h=225&w=225",
                            "productId": 8626,
                            "store": {
                                "name": "Tesco",
                                "address": "123 Fake Street, Dublin",
                                "image": "assets/storeLogos/tesco.png",
                                "hierarchy": [
                                    "Bakery",
                                    "Cakes, Cake Bars, Slices & Pies"
                                ]
                            }
                        },
                        {
                            "Title": "Disney Encanto Cake",
                            "Price": "\u20ac18.00",
                            "Promotional Price": "",
                            "Price Per": "\u20ac18.00/each",
                            "Product URL": "https://www.tesco.ie/groceries/en-IE/products/315073713",
                            "Image URL": "https://digitalcontent.api.tesco.com/v2/media/ghs/0e025845-b746-4192-852f-7b926b9ae63a/b3e3ffed-4932-4e1a-8113-30d72290b525.jpeg?h=225&w=225",
                            "productId": 8841,
                            "store": {
                                "name": "Tesco",
                                "address": "123 Fake Street, Dublin",
                                "image": "assets/storeLogos/tesco.png",
                                "hierarchy": [
                                    "Bakery",
                                    "Cakes, Cake Bars, Slices & Pies"
                                ]
                            }
                        }
                    ],
                    "Cakes & Pies": [
                        {
                            "Title": "Stapletons Fruit Loaf 400G",
                            "Price": "\u20ac1.79",
                            "Promotional Price": "",
                            "Price Per": "\u20ac4.48/kg",
                            "Product URL": "https://www.tesco.ie/groceries/en-IE/products/285595242",
                            "Image URL": "https://digitalcontent.api.tesco.com/v2/media/ghs/bf49c749-9ed4-425d-ba96-1c69667f1191/fc2d7ab4-3891-4faa-afa2-5e40f9e0d7f7_1976030347.jpeg?h=225&w=225",
                            "productId": 1402,
                            "store": {
                                "name": "Tesco",
                                "address": "123 Fake Street, Dublin",
                                "image": "assets/storeLogos/tesco.png",
                                "hierarchy": [
                                    "Bakery",
                                    "Cakes & Pies"
                                ]
                            }
                        },
                        {
                            "Title": "Stafford's Bkry Choco And Caramel Layer Cake 550G",
                            "Price": "\u20ac7.99",
                            "Promotional Price": "",
                            "Price Per": "\u20ac13.32/kg",
                            "Product URL": "https://www.tesco.ie/groceries/en-IE/products/312564523",
                            "Image URL": "https://digitalcontent.api.tesco.com/v2/media/ghs-mktg/b0b04216-fa73-466d-a9d7-c9fcfa1ce9b3/no-image.jpeg",
                            "productId": 3756,
                            "store": {
                                "name": "Tesco",
                                "address": "123 Fake Street, Dublin",
                                "image": "assets/storeLogos/tesco.png",
                                "hierarchy": [
                                    "Bakery",
                                    "Cakes & Pies"
                                ]
                            }
                        },
                        {
                            "Title": "Manorhill Bakery Rock Buns 350G",
                            "Price": "\u20ac3.49",
                            "Promotional Price": "",
                            "Price Per": "\u20ac9.97/kg",
                            "Product URL": "https://www.tesco.ie/groceries/en-IE/products/282571151",
                            "Image URL": "https://digitalcontent.api.tesco.com/v2/media/ghs/35113146-75fd-45da-8965-9c9b0e96ea96/snapshotimagehandler_1331467495.jpeg?h=225&w=225",
                            "productId": 4683,
                            "store": {
                                "name": "Tesco",
                                "address": "123 Fake Street, Dublin",
                                "image": "assets/storeLogos/tesco.png",
                                "hierarchy": [
                                    "Bakery",
                                    "Cakes & Pies"
                                ]
                            }
                        },
                        {
                            "Title": "Delilites Irish Belgian Chocolate Hazlenut Bueno Slice 380G",
                            "Price": "\u20ac6.00",
                            "Promotional Price": "",
                            "Price Per": "\u20ac15.79/kg",
                            "Product URL": "https://www.tesco.ie/groceries/en-IE/products/308469043",
                            "Image URL": "https://digitalcontent.api.tesco.com/v2/media/ghs-mktg/b0b04216-fa73-466d-a9d7-c9fcfa1ce9b3/no-image.jpeg",
                            "productId": 5857,
                            "store": {
                                "name": "Tesco",
                                "address": "123 Fake Street, Dublin",
                                "image": "assets/storeLogos/tesco.png",
                                "hierarchy": [
                                    "Bakery",
                                    "Cakes & Pies"
                                ]
                            }
                        },
                        {
                            "Title": "Broderick's Road Rockin Chocolate Chocolate Block 50G",
                            "Price": "\u20ac1.99",
                            "Promotional Price": "\u20ac1.50 Clubcard Price",
                            "Price Per": "\u20ac39.80/kg",
                            "Product URL": "https://www.tesco.ie/groceries/en-IE/products/306236459",
                            "Image URL": "https://digitalcontent.api.tesco.com/v2/media/ghs/73b6dedb-f26a-493b-9de5-9839771eb9a9/snapshotimagehandler_965236900.jpeg?h=225&w=225",
                            "productId": 3496,
                            "store": {
                                "name": "Tesco",
                                "address": "123 Fake Street, Dublin",
                                "image": "assets/storeLogos/tesco.png",
                                "hierarchy": [
                                    "Bakery",
                                    "Cakes & Pies"
                                ]
                            }
                        },
                        {
                            "Title": "Manorhill Bakery Apple And Cinnamon 500G",
                            "Price": "\u20ac4.79",
                            "Promotional Price": "",
                            "Price Per": "\u20ac9.58/kg",
                            "Product URL": "https://www.tesco.ie/groceries/en-IE/products/282571306",
                            "Image URL": "https://digitalcontent.api.tesco.com/v2/media/ghs/20d8293c-6a21-4d12-a6c9-d58273ce04b5/snapshotimagehandler_1922863346.jpeg?h=225&w=225",
                            "productId": 7271,
                            "store": {
                                "name": "Tesco",
                                "address": "123 Fake Street, Dublin",
                                "image": "assets/storeLogos/tesco.png",
                                "hierarchy": [
                                    "Bakery",
                                    "Cakes & Pies"
                                ]
                            }
                        },
                        {
                            "Title": "Stafford Pavlova Nest 4Pack",
                            "Price": "\u20ac3.10",
                            "Promotional Price": "",
                            "Price Per": "\u20ac0.78/each",
                            "Product URL": "https://www.tesco.ie/groceries/en-IE/products/272052032",
                            "Image URL": "https://digitalcontent.api.tesco.com/v2/media/ghs/b550bf8f-cc79-4e57-9fdc-34ac243ce199/snapshotimagehandler_582576358.jpeg?h=225&w=225",
                            "productId": 8496,
                            "store": {
                                "name": "Tesco",
                                "address": "123 Fake Street, Dublin",
                                "image": "assets/storeLogos/tesco.png",
                                "hierarchy": [
                                    "Bakery",
                                    "Cakes & Pies"
                                ]
                            }
                        },
                        {
                            "Title": "Jurassic World Dinosaur Celebration Cake",
                            "Price": "\u20ac18.00",
                            "Promotional Price": "",
                            "Price Per": "\u20ac18.00/each",
                            "Product URL": "https://www.tesco.ie/groceries/en-IE/products/300903268",
                            "Image URL": "https://digitalcontent.api.tesco.com/v2/media/ghs/6d59a9c6-6bc3-4483-926e-003d352d405d/022cb5c8-9840-4a99-b587-d487426847ab.jpeg?h=225&w=225",
                            "productId": 6627,
                            "store": {
                                "name": "Tesco",
                                "address": "123 Fake Street, Dublin",
                                "image": "assets/storeLogos/tesco.png",
                                "hierarchy": [
                                    "Bakery",
                                    "Cakes & Pies"
                                ]
                            }
                        },
                        {
                            "Title": "Stafford's Bkry Choco And Caramel Layer Cake 550G",
                            "Price": "\u20ac7.99",
                            "Promotional Price": "",
                            "Price Per": "\u20ac13.32/kg",
                            "Product URL": "https://www.tesco.ie/groceries/en-IE/products/312564523",
                            "Image URL": "https://digitalcontent.api.tesco.com/v2/media/ghs-mktg/b0b04216-fa73-466d-a9d7-c9fcfa1ce9b3/no-image.jpeg",
                            "productId": 8123,
                            "store": {
                                "name": "Tesco",
                                "address": "123 Fake Street, Dublin",
                                "image": "assets/storeLogos/tesco.png",
                                "hierarchy": [
                                    "Bakery",
                                    "Cakes & Pies"
                                ]
                            }
                        },
                        {
                            "Title": "Broderick's Road Rockin Chocolate Chocolate Block 50G",
                            "Price": "\u20ac1.99",
                            "Promotional Price": "\u20ac1.50 Clubcard Price",
                            "Price Per": "\u20ac39.80/kg",
                            "Product URL": "https://www.tesco.ie/groceries/en-IE/products/306236459",
                            "Image URL": "https://digitalcontent.api.tesco.com/v2/media/ghs/73b6dedb-f26a-493b-9de5-9839771eb9a9/snapshotimagehandler_965236900.jpeg?h=225&w=225",
                            "productId": 3157,
                            "store": {
                                "name": "Tesco",
                                "address": "123 Fake Street, Dublin",
                                "image": "assets/storeLogos/tesco.png",
                                "hierarchy": [
                                    "Bakery",
                                    "Cakes & Pies"
                                ]
                            }
                        }
                    ],
                    "Christmas Bakery": [
                        {
                            "Title": "Galberts Limoncello Twin Pack 2X95g",
                            "Price": "\u20ac3.49",
                            "Promotional Price": "",
                            "Price Per": "\u20ac18.37/kg",
                            "Product URL": "https://www.tesco.ie/groceries/en-IE/products/285549272",
                            "Image URL": "https://digitalcontent.api.tesco.com/v2/media/ghs/0f1132f1-8b78-477e-9e32-483461963822/593d73dd-7649-4183-bd28-099f62c688ac_517832607.jpeg?h=225&w=225",
                            "productId": 5847,
                            "store": {
                                "name": "Tesco",
                                "address": "123 Fake Street, Dublin",
                                "image": "assets/storeLogos/tesco.png",
                                "hierarchy": [
                                    "Bakery",
                                    "Christmas Bakery"
                                ]
                            }
                        },
                        {
                            "Title": "Galberts Limoncello Twin Pack 2X95g",
                            "Price": "\u20ac3.49",
                            "Promotional Price": "",
                            "Price Per": "\u20ac18.37/kg",
                            "Product URL": "https://www.tesco.ie/groceries/en-IE/products/285549272",
                            "Image URL": "https://digitalcontent.api.tesco.com/v2/media/ghs/0f1132f1-8b78-477e-9e32-483461963822/593d73dd-7649-4183-bd28-099f62c688ac_517832607.jpeg?h=225&w=225",
                            "productId": 7514,
                            "store": {
                                "name": "Tesco",
                                "address": "123 Fake Street, Dublin",
                                "image": "assets/storeLogos/tesco.png",
                                "hierarchy": [
                                    "Bakery",
                                    "Christmas Bakery"
                                ]
                            }
                        }
                    ],
                    "Croissants & Pastries": [
                        {
                            "Title": "Broghies Corn Premade 75G",
                            "Price": "\u20ac2.99",
                            "Promotional Price": "\u20ac2.79 Clubcard Price",
                            "Price Per": "\u20ac39.87/kg",
                            "Product URL": "https://www.tesco.ie/groceries/en-IE/products/297755239",
                            "Image URL": "https://digitalcontent.api.tesco.com/v2/media/ghs/6742fa0a-095a-4ece-9823-a2fd2a09bd42/9939bd55-587b-4cbb-aff3-0ea1f0278940_236991096.jpeg?h=225&w=225",
                            "productId": 4829,
                            "store": {
                                "name": "Tesco",
                                "address": "123 Fake Street, Dublin",
                                "image": "assets/storeLogos/tesco.png",
                                "hierarchy": [
                                    "Bakery",
                                    "Croissants & Pastries"
                                ]
                            }
                        },
                        {
                            "Title": "Hot Chip Salted Caramel Cookie Dough 270G",
                            "Price": "\u20ac5.50",
                            "Promotional Price": "",
                            "Price Per": "\u20ac20.37/kg",
                            "Product URL": "https://www.tesco.ie/groceries/en-IE/products/315456566",
                            "Image URL": "https://digitalcontent.api.tesco.com/v2/media/ghs-mktg/b0b04216-fa73-466d-a9d7-c9fcfa1ce9b3/no-image.jpeg",
                            "productId": 6077,
                            "store": {
                                "name": "Tesco",
                                "address": "123 Fake Street, Dublin",
                                "image": "assets/storeLogos/tesco.png",
                                "hierarchy": [
                                    "Bakery",
                                    "Croissants & Pastries"
                                ]
                            }
                        },
                        {
                            "Title": "Hot Chip Salted Caramel Cookie Dough 270G",
                            "Price": "\u20ac5.50",
                            "Promotional Price": "",
                            "Price Per": "\u20ac20.37/kg",
                            "Product URL": "https://www.tesco.ie/groceries/en-IE/products/315456566",
                            "Image URL": "https://digitalcontent.api.tesco.com/v2/media/ghs-mktg/b0b04216-fa73-466d-a9d7-c9fcfa1ce9b3/no-image.jpeg",
                            "productId": 2279,
                            "store": {
                                "name": "Tesco",
                                "address": "123 Fake Street, Dublin",
                                "image": "assets/storeLogos/tesco.png",
                                "hierarchy": [
                                    "Bakery",
                                    "Croissants & Pastries"
                                ]
                            }
                        },
                        {
                            "Title": "Cuisine De France Danish",
                            "Price": "\u20ac1.75",
                            "Promotional Price": "COFFEE Meal Deal for \u20ac3 - Buy Tesco Smokin Bean Regular Coffee & Any 1 Tesco Scone, Kit Kat Csine De France Or Denny Products",
                            "Price Per": "\u20ac1.75/each",
                            "Product URL": "https://www.tesco.ie/groceries/en-IE/products/314589928",
                            "Image URL": "https://digitalcontent.api.tesco.com/v2/media/ghs/14ce223a-d063-4e6c-8498-af715933c5d6/ce851f8a-1c93-4f4e-bebe-741c2c85a561_1284714286.jpeg?h=225&w=225",
                            "productId": 3394,
                            "store": {
                                "name": "Tesco",
                                "address": "123 Fake Street, Dublin",
                                "image": "assets/storeLogos/tesco.png",
                                "hierarchy": [
                                    "Bakery",
                                    "Croissants & Pastries"
                                ]
                            }
                        }
                    ],
                    "Crumpets & Pancakes": [
                        {
                            "Title": "Tesco Flapjack 240G",
                            "Price": "\u20ac3.00",
                            "Promotional Price": "",
                            "Price Per": "\u20ac12.50/kg",
                            "Product URL": "https://www.tesco.ie/groceries/en-IE/products/305968062",
                            "Image URL": "https://digitalcontent.api.tesco.com/v2/media/ghs/ce0a93ea-8722-4051-9b8a-9b8492de553d/7f9b387c-c455-401e-9c8d-67d5037f69bf_1586456541.jpeg?h=225&w=225",
                            "productId": 4966,
                            "store": {
                                "name": "Tesco",
                                "address": "123 Fake Street, Dublin",
                                "image": "assets/storeLogos/tesco.png",
                                "hierarchy": [
                                    "Bakery",
                                    "Crumpets & Pancakes"
                                ]
                            }
                        },
                        {
                            "Title": "Pat The Baker Pancakes 320G 6 Plus 2 Free",
                            "Price": "\u20ac2.98",
                            "Promotional Price": "\u20ac2.00 Clubcard Price",
                            "Price Per": "\u20ac9.31/kg",
                            "Product URL": "https://www.tesco.ie/groceries/en-IE/products/285711609",
                            "Image URL": "https://digitalcontent.api.tesco.com/v2/media/ghs/0fc171b5-a059-4ad4-94c4-c7279a12138b/snapshotimagehandler_491573952.jpeg?h=225&w=225",
                            "productId": 5861,
                            "store": {
                                "name": "Tesco",
                                "address": "123 Fake Street, Dublin",
                                "image": "assets/storeLogos/tesco.png",
                                "hierarchy": [
                                    "Bakery",
                                    "Crumpets & Pancakes"
                                ]
                            }
                        },
                        {
                            "Title": "Tesco Flapjack 240G",
                            "Price": "\u20ac3.00",
                            "Promotional Price": "",
                            "Price Per": "\u20ac12.50/kg",
                            "Product URL": "https://www.tesco.ie/groceries/en-IE/products/305968062",
                            "Image URL": "https://digitalcontent.api.tesco.com/v2/media/ghs/ce0a93ea-8722-4051-9b8a-9b8492de553d/7f9b387c-c455-401e-9c8d-67d5037f69bf_1586456541.jpeg?h=225&w=225",
                            "productId": 1655,
                            "store": {
                                "name": "Tesco",
                                "address": "123 Fake Street, Dublin",
                                "image": "assets/storeLogos/tesco.png",
                                "hierarchy": [
                                    "Bakery",
                                    "Crumpets & Pancakes"
                                ]
                            }
                        }
                    ],
                    "Specialist Bakery": [
                        {
                            "Title": "Promise Gluten Free Soft White Rolls 4 Pack 200G",
                            "Price": "\u20ac4.29",
                            "Promotional Price": "",
                            "Price Per": "\u20ac21.45/kg",
                            "Product URL": "https://www.tesco.ie/groceries/en-IE/products/305977742",
                            "Image URL": "https://digitalcontent.api.tesco.com/v2/media/ghs/0a7ca652-92d1-4bb5-a094-654923a2cb72/snapshotimagehandler_907124668.jpeg?h=225&w=225",
                            "productId": 2838,
                            "store": {
                                "name": "Tesco",
                                "address": "123 Fake Street, Dublin",
                                "image": "assets/storeLogos/tesco.png",
                                "hierarchy": [
                                    "Bakery",
                                    "Specialist Bakery"
                                ]
                            }
                        },
                        {
                            "Title": "John Mccambridge Gluten Free Coconut Macaroons 190G",
                            "Price": "\u20ac2.90",
                            "Promotional Price": "",
                            "Price Per": "\u20ac15.26/kg",
                            "Product URL": "https://www.tesco.ie/groceries/en-IE/products/304731712",
                            "Image URL": "https://digitalcontent.api.tesco.com/v2/media/ghs/2ec25732-39fc-4f4a-81d9-8a34ea0c4d60/snapshotimagehandler_659985308.jpeg?h=225&w=225",
                            "productId": 5517,
                            "store": {
                                "name": "Tesco",
                                "address": "123 Fake Street, Dublin",
                                "image": "assets/storeLogos/tesco.png",
                                "hierarchy": [
                                    "Bakery",
                                    "Specialist Bakery"
                                ]
                            }
                        },
                        {
                            "Title": "Promise Gluten Free Soft White Rolls 4 Pack 200G",
                            "Price": "\u20ac4.29",
                            "Promotional Price": "",
                            "Price Per": "\u20ac21.45/kg",
                            "Product URL": "https://www.tesco.ie/groceries/en-IE/products/305977742",
                            "Image URL": "https://digitalcontent.api.tesco.com/v2/media/ghs/0a7ca652-92d1-4bb5-a094-654923a2cb72/snapshotimagehandler_907124668.jpeg?h=225&w=225",
                            "productId": 8445,
                            "store": {
                                "name": "Tesco",
                                "address": "123 Fake Street, Dublin",
                                "image": "assets/storeLogos/tesco.png",
                                "hierarchy": [
                                    "Bakery",
                                    "Specialist Bakery"
                                ]
                            }
                        },
                        {
                            "Title": "Ds-Gluten Free Chocolate Fingers 150G",
                            "Price": "\u20ac3.79",
                            "Promotional Price": "\u20ac1.15 Clubcard Price",
                            "Price Per": "\u20ac25.27/kg",
                            "Product URL": "https://www.tesco.ie/groceries/en-IE/products/278728779",
                            "Image URL": "https://digitalcontent.api.tesco.com/v2/media/ghs/c68d0bb1-e46c-4cb1-ae26-ef85a2efeea0/4fe9aa5b-0a30-407e-a972-87848fc734ab_518760693.jpeg?h=225&w=225",
                            "productId": 2320,
                            "store": {
                                "name": "Tesco",
                                "address": "123 Fake Street, Dublin",
                                "image": "assets/storeLogos/tesco.png",
                                "hierarchy": [
                                    "Bakery",
                                    "Specialist Bakery"
                                ]
                            }
                        }
                    ],
                    "Flans & Pastry": [
                        {
                            "Title": "Delice De France 4 Pack Pain Au Chocolate 320G",
                            "Price": "\u20ac3.89",
                            "Promotional Price": "",
                            "Price Per": "\u20ac12.16/kg",
                            "Product URL": "https://www.tesco.ie/groceries/en-IE/products/312832621",
                            "Image URL": "https://digitalcontent.api.tesco.com/v2/media/ghs-mktg/b0b04216-fa73-466d-a9d7-c9fcfa1ce9b3/no-image.jpeg",
                            "productId": 1553,
                            "store": {
                                "name": "Tesco",
                                "address": "123 Fake Street, Dublin",
                                "image": "assets/storeLogos/tesco.png",
                                "hierarchy": [
                                    "Bakery",
                                    "Flans & Pastry"
                                ]
                            }
                        },
                        {
                            "Title": "Betty Crocker Chocolate Chunk Muffin Mix 335G",
                            "Price": "\u20ac3.49",
                            "Promotional Price": "",
                            "Price Per": "\u20ac10.42/kg",
                            "Product URL": "https://www.tesco.ie/groceries/en-IE/products/260509940",
                            "Image URL": "https://digitalcontent.api.tesco.com/v2/media/ghs/de499567-5509-4e5a-82bf-5ac5afa486ec/c8f30234-3cc5-484b-aafd-6eb03026d45a_130253046.jpeg?h=225&w=225",
                            "productId": 1880,
                            "store": {
                                "name": "Tesco",
                                "address": "123 Fake Street, Dublin",
                                "image": "assets/storeLogos/tesco.png",
                                "hierarchy": [
                                    "Bakery",
                                    "Flans & Pastry"
                                ]
                            }
                        },
                        {
                            "Title": "Delice De France 4 Pack Pain Au Chocolate 320G",
                            "Price": "\u20ac3.89",
                            "Promotional Price": "",
                            "Price Per": "\u20ac12.16/kg",
                            "Product URL": "https://www.tesco.ie/groceries/en-IE/products/312832621",
                            "Image URL": "https://digitalcontent.api.tesco.com/v2/media/ghs-mktg/b0b04216-fa73-466d-a9d7-c9fcfa1ce9b3/no-image.jpeg",
                            "productId": 9373,
                            "store": {
                                "name": "Tesco",
                                "address": "123 Fake Street, Dublin",
                                "image": "assets/storeLogos/tesco.png",
                                "hierarchy": [
                                    "Bakery",
                                    "Flans & Pastry"
                                ]
                            }
                        }
                    ],
                    "Doughnuts, Muffins & Cookies": [
                        {
                            "Title": "Tesco Rocky Road Bites 195G",
                            "Price": "\u20ac2.75",
                            "Promotional Price": "Any 2 for \u20ac4.50 Clubcard Price - Selected Tesco Cakes And Pastries",
                            "Price Per": "\u20ac14.10/kg",
                            "Product URL": "https://www.tesco.ie/groceries/en-IE/products/309177980",
                            "Image URL": "https://digitalcontent.api.tesco.com/v2/media/ghs/53009213-1cf8-4c4d-a108-eca3d0314d7e/ac58925b-40c9-4e1d-811f-ce590c2da936_294843042.jpeg?h=225&w=225",
                            "productId": 7222,
                            "store": {
                                "name": "Tesco",
                                "address": "123 Fake Street, Dublin",
                                "image": "assets/storeLogos/tesco.png",
                                "hierarchy": [
                                    "Bakery",
                                    "Doughnuts, Muffins & Cookies"
                                ]
                            }
                        },
                        {
                            "Title": "Tesco Finest Milk Chocolate And Orange 4 Pack Cookies",
                            "Price": "\u20ac3.00",
                            "Promotional Price": "",
                            "Price Per": "\u20ac0.75/each",
                            "Product URL": "https://www.tesco.ie/groceries/en-IE/products/309760030",
                            "Image URL": "https://digitalcontent.api.tesco.com/v2/media/ghs-mktg/b0b04216-fa73-466d-a9d7-c9fcfa1ce9b3/no-image.jpeg",
                            "productId": 1475,
                            "store": {
                                "name": "Tesco",
                                "address": "123 Fake Street, Dublin",
                                "image": "assets/storeLogos/tesco.png",
                                "hierarchy": [
                                    "Bakery",
                                    "Doughnuts, Muffins & Cookies"
                                ]
                            }
                        },
                        {
                            "Title": "Europastry Pop Dots Stractlla Bomb 5 Pack",
                            "Price": "\u20ac2.50",
                            "Promotional Price": "",
                            "Price Per": "\u20ac2.50/each",
                            "Product URL": "https://www.tesco.ie/groceries/en-IE/products/315395228",
                            "Image URL": "https://digitalcontent.api.tesco.com/v2/media/ghs-mktg/b0b04216-fa73-466d-a9d7-c9fcfa1ce9b3/no-image.jpeg",
                            "productId": 1663,
                            "store": {
                                "name": "Tesco",
                                "address": "123 Fake Street, Dublin",
                                "image": "assets/storeLogos/tesco.png",
                                "hierarchy": [
                                    "Bakery",
                                    "Doughnuts, Muffins & Cookies"
                                ]
                            }
                        },
                        {
                            "Title": "Cuisine De France Blueberry Muffin",
                            "Price": "\u20ac2.30",
                            "Promotional Price": "COFFEE Meal Deal for \u20ac3 - Buy Tesco Smokin Bean Regular Coffee & Any 1 Tesco Scone, Kit Kat Csine De France Or Denny Products",
                            "Price Per": "\u20ac2.30/each",
                            "Product URL": "https://www.tesco.ie/groceries/en-IE/products/308488544",
                            "Image URL": "https://digitalcontent.api.tesco.com/v2/media/ghs/01ffff92-35d3-430e-ac95-08a3fdd4ffba/snapshotimagehandler_724583191.jpeg?h=225&w=225",
                            "productId": 8570,
                            "store": {
                                "name": "Tesco",
                                "address": "123 Fake Street, Dublin",
                                "image": "assets/storeLogos/tesco.png",
                                "hierarchy": [
                                    "Bakery",
                                    "Doughnuts, Muffins & Cookies"
                                ]
                            }
                        },
                        {
                            "Title": "Europastry Pop Dots Stractlla Bomb 5 Pack",
                            "Price": "\u20ac2.50",
                            "Promotional Price": "",
                            "Price Per": "\u20ac2.50/each",
                            "Product URL": "https://www.tesco.ie/groceries/en-IE/products/315395228",
                            "Image URL": "https://digitalcontent.api.tesco.com/v2/media/ghs-mktg/b0b04216-fa73-466d-a9d7-c9fcfa1ce9b3/no-image.jpeg",
                            "productId": 7265,
                            "store": {
                                "name": "Tesco",
                                "address": "123 Fake Street, Dublin",
                                "image": "assets/storeLogos/tesco.png",
                                "hierarchy": [
                                    "Bakery",
                                    "Doughnuts, Muffins & Cookies"
                                ]
                            }
                        }
                    ],
                    "Bread": [
                        {
                            "Title": "Mccloskeys Chia Bloomer 400G",
                            "Price": "\u20ac2.99",
                            "Promotional Price": "",
                            "Price Per": "\u20ac7.48/kg",
                            "Product URL": "https://www.tesco.ie/groceries/en-IE/products/300809858",
                            "Image URL": "https://digitalcontent.api.tesco.com/v2/media/ghs/537ea9b4-f5b0-4421-be16-3f4992b6a532/e1784341-0234-4b2a-a81b-6220a07c0110_1727655205.jpeg?h=225&w=225",
                            "productId": 9502,
                            "store": {
                                "name": "Tesco",
                                "address": "123 Fake Street, Dublin",
                                "image": "assets/storeLogos/tesco.png",
                                "hierarchy": [
                                    "Bakery",
                                    "Bread"
                                ]
                            }
                        },
                        {
                            "Title": "Brennans Half Toast 400G",
                            "Price": "\u20ac1.49",
                            "Promotional Price": "",
                            "Price Per": "\u20ac3.72/kg",
                            "Product URL": "https://www.tesco.ie/groceries/en-IE/products/250202048",
                            "Image URL": "https://digitalcontent.api.tesco.com/v2/media/ghs-mktg/b0b04216-fa73-466d-a9d7-c9fcfa1ce9b3/no-image.jpeg",
                            "productId": 5433,
                            "store": {
                                "name": "Tesco",
                                "address": "123 Fake Street, Dublin",
                                "image": "assets/storeLogos/tesco.png",
                                "hierarchy": [
                                    "Bakery",
                                    "Bread"
                                ]
                            }
                        },
                        {
                            "Title": "Staffords Basket Bread 350G",
                            "Price": "\u20ac1.55",
                            "Promotional Price": "",
                            "Price Per": "\u20ac4.43/kg",
                            "Product URL": "https://www.tesco.ie/groceries/en-IE/products/281385684",
                            "Image URL": "https://digitalcontent.api.tesco.com/v2/media/ghs-mktg/b0b04216-fa73-466d-a9d7-c9fcfa1ce9b3/no-image.jpeg",
                            "productId": 4264,
                            "store": {
                                "name": "Tesco",
                                "address": "123 Fake Street, Dublin",
                                "image": "assets/storeLogos/tesco.png",
                                "hierarchy": [
                                    "Bakery",
                                    "Bread"
                                ]
                            }
                        },
                        {
                            "Title": "Pat The Baker Multigrain Pan 400G",
                            "Price": "\u20ac1.79",
                            "Promotional Price": "",
                            "Price Per": "\u20ac4.48/kg",
                            "Product URL": "https://www.tesco.ie/groceries/en-IE/products/262627791",
                            "Image URL": "https://digitalcontent.api.tesco.com/v2/media/ghs/a1daed0f-9472-4bae-a376-883cf52b06af/snapshotimagehandler_1426671234.jpeg?h=225&w=225",
                            "productId": 5868,
                            "store": {
                                "name": "Tesco",
                                "address": "123 Fake Street, Dublin",
                                "image": "assets/storeLogos/tesco.png",
                                "hierarchy": [
                                    "Bakery",
                                    "Bread"
                                ]
                            }
                        },
                        {
                            "Title": "Staffords Basket Bread 350G",
                            "Price": "\u20ac1.55",
                            "Promotional Price": "",
                            "Price Per": "\u20ac4.43/kg",
                            "Product URL": "https://www.tesco.ie/groceries/en-IE/products/281385684",
                            "Image URL": "https://digitalcontent.api.tesco.com/v2/media/ghs-mktg/b0b04216-fa73-466d-a9d7-c9fcfa1ce9b3/no-image.jpeg",
                            "productId": 8813,
                            "store": {
                                "name": "Tesco",
                                "address": "123 Fake Street, Dublin",
                                "image": "assets/storeLogos/tesco.png",
                                "hierarchy": [
                                    "Bakery",
                                    "Bread"
                                ]
                            }
                        },
                        {
                            "Title": "Stafford's Farmhouse Soda 720G",
                            "Price": "\u20ac2.50",
                            "Promotional Price": "",
                            "Price Per": "\u20ac3.47/kg",
                            "Product URL": "https://www.tesco.ie/groceries/en-IE/products/312229230",
                            "Image URL": "https://digitalcontent.api.tesco.com/v2/media/ghs-mktg/b0b04216-fa73-466d-a9d7-c9fcfa1ce9b3/no-image.jpeg",
                            "productId": 2742,
                            "store": {
                                "name": "Tesco",
                                "address": "123 Fake Street, Dublin",
                                "image": "assets/storeLogos/tesco.png",
                                "hierarchy": [
                                    "Bakery",
                                    "Bread"
                                ]
                            }
                        },
                        {
                            "Title": "Irish Pride Brown 400G",
                            "Price": "\u20ac1.79",
                            "Promotional Price": "\u20ac1.20 Clubcard Price",
                            "Price Per": "\u20ac4.48/kg",
                            "Product URL": "https://www.tesco.ie/groceries/en-IE/products/256210405",
                            "Image URL": "https://digitalcontent.api.tesco.com/v2/media/ghs/70832fd8-867a-4d6a-97f5-a4666d5ad573/snapshotimagehandler_1876154226.jpeg?h=225&w=225",
                            "productId": 7061,
                            "store": {
                                "name": "Tesco",
                                "address": "123 Fake Street, Dublin",
                                "image": "assets/storeLogos/tesco.png",
                                "hierarchy": [
                                    "Bakery",
                                    "Bread"
                                ]
                            }
                        },
                        {
                            "Title": "Brennans Bakehouse Seeded Soda 500G",
                            "Price": "\u20ac2.75",
                            "Promotional Price": "",
                            "Price Per": "\u20ac5.50/kg",
                            "Product URL": "https://www.tesco.ie/groceries/en-IE/products/311795700",
                            "Image URL": "https://digitalcontent.api.tesco.com/v2/media/ghs/de899bd4-623b-4240-9884-420b070ca974/b93dde76-7527-4aba-81d8-105fc772f678_1295287667.jpeg?h=225&w=225",
                            "productId": 2729,
                            "store": {
                                "name": "Tesco",
                                "address": "123 Fake Street, Dublin",
                                "image": "assets/storeLogos/tesco.png",
                                "hierarchy": [
                                    "Bakery",
                                    "Bread"
                                ]
                            }
                        },
                        {
                            "Title": "Tesco 6 Mini Plain Naan Breads 282G",
                            "Price": "\u20ac1.50",
                            "Promotional Price": "",
                            "Price Per": "\u20ac5.32/kg",
                            "Product URL": "https://www.tesco.ie/groceries/en-IE/products/303299948",
                            "Image URL": "https://digitalcontent.api.tesco.com/v2/media/ghs/3376775f-bdba-44d8-be2f-1a317014a3dd/b69ee9ee-762e-4428-9474-09bc9923591c.jpeg?h=225&w=225",
                            "productId": 2922,
                            "store": {
                                "name": "Tesco",
                                "address": "123 Fake Street, Dublin",
                                "image": "assets/storeLogos/tesco.png",
                                "hierarchy": [
                                    "Bakery",
                                    "Bread"
                                ]
                            }
                        },
                        {
                            "Title": "Gallaghers Bake House Brioche 8 Sliders 280G",
                            "Price": "\u20ac2.75",
                            "Promotional Price": "",
                            "Price Per": "\u20ac9.82/kg",
                            "Product URL": "https://www.tesco.ie/groceries/en-IE/products/312237030",
                            "Image URL": "https://digitalcontent.api.tesco.com/v2/media/ghs-mktg/b0b04216-fa73-466d-a9d7-c9fcfa1ce9b3/no-image.jpeg",
                            "productId": 2698,
                            "store": {
                                "name": "Tesco",
                                "address": "123 Fake Street, Dublin",
                                "image": "assets/storeLogos/tesco.png",
                                "hierarchy": [
                                    "Bakery",
                                    "Bread"
                                ]
                            }
                        },
                        {
                            "Title": "Pat The Baker Multigrain Pan 400G",
                            "Price": "\u20ac1.79",
                            "Promotional Price": "",
                            "Price Per": "\u20ac4.48/kg",
                            "Product URL": "https://www.tesco.ie/groceries/en-IE/products/262627791",
                            "Image URL": "https://digitalcontent.api.tesco.com/v2/media/ghs/a1daed0f-9472-4bae-a376-883cf52b06af/snapshotimagehandler_1426671234.jpeg?h=225&w=225",
                            "productId": 1393,
                            "store": {
                                "name": "Tesco",
                                "address": "123 Fake Street, Dublin",
                                "image": "assets/storeLogos/tesco.png",
                                "hierarchy": [
                                    "Bakery",
                                    "Bread"
                                ]
                            }
                        },
                        {
                            "Title": "Brennan's Half White Bloomer 400G",
                            "Price": "\u20ac1.65",
                            "Promotional Price": "",
                            "Price Per": "\u20ac4.12/kg",
                            "Product URL": "https://www.tesco.ie/groceries/en-IE/products/309886048",
                            "Image URL": "https://digitalcontent.api.tesco.com/v2/media/ghs/6e65d1de-d67c-4f87-90df-c7272764b9d7/5d1ccbd7-f45c-43ae-81a6-8bf116a253b2.jpeg?h=225&w=225",
                            "productId": 5775,
                            "store": {
                                "name": "Tesco",
                                "address": "123 Fake Street, Dublin",
                                "image": "assets/storeLogos/tesco.png",
                                "hierarchy": [
                                    "Bakery",
                                    "Bread"
                                ]
                            }
                        }
                    ],
                    "In Store Bakery": [
                        {
                            "Title": "Tesco Finest Multiberry Scone",
                            "Price": "\u20ac1.50",
                            "Promotional Price": "Any 3 for \u20ac3 Clubcard Price - Selected *tesco Finest Scone Or Et Voila Croissant Or Danish",
                            "Price Per": "\u20ac1.50/each",
                            "Product URL": "https://www.tesco.ie/groceries/en-IE/products/315448069",
                            "Image URL": "https://digitalcontent.api.tesco.com/v2/media/ghs/f4789486-e203-4721-846a-40d959d6bf76/d500c1f4-cda3-4990-85d9-5da8b613f098_1529311154.jpeg?h=225&w=225",
                            "productId": 5408,
                            "store": {
                                "name": "Tesco",
                                "address": "123 Fake Street, Dublin",
                                "image": "assets/storeLogos/tesco.png",
                                "hierarchy": [
                                    "Bakery",
                                    "In Store Bakery"
                                ]
                            }
                        },
                        {
                            "Title": "Stafford's Bkry Large Traditional Brown Pan 700G",
                            "Price": "\u20ac2.50",
                            "Promotional Price": "",
                            "Price Per": "\u20ac3.57/kg",
                            "Product URL": "https://www.tesco.ie/groceries/en-IE/products/313837499",
                            "Image URL": "https://digitalcontent.api.tesco.com/v2/media/ghs-mktg/b0b04216-fa73-466d-a9d7-c9fcfa1ce9b3/no-image.jpeg",
                            "productId": 8078,
                            "store": {
                                "name": "Tesco",
                                "address": "123 Fake Street, Dublin",
                                "image": "assets/storeLogos/tesco.png",
                                "hierarchy": [
                                    "Bakery",
                                    "In Store Bakery"
                                ]
                            }
                        },
                        {
                            "Title": "High Fibre Small Pan 350G",
                            "Price": "\u20ac1.49",
                            "Promotional Price": "",
                            "Price Per": "\u20ac4.26/kg",
                            "Product URL": "https://www.tesco.ie/groceries/en-IE/products/264299437",
                            "Image URL": "https://digitalcontent.api.tesco.com/v2/media/ghs-mktg/b0b04216-fa73-466d-a9d7-c9fcfa1ce9b3/no-image.jpeg",
                            "productId": 9743,
                            "store": {
                                "name": "Tesco",
                                "address": "123 Fake Street, Dublin",
                                "image": "assets/storeLogos/tesco.png",
                                "hierarchy": [
                                    "Bakery",
                                    "In Store Bakery"
                                ]
                            }
                        },
                        {
                            "Title": "High Fibre Small Pan 350G",
                            "Price": "\u20ac1.49",
                            "Promotional Price": "",
                            "Price Per": "\u20ac4.26/kg",
                            "Product URL": "https://www.tesco.ie/groceries/en-IE/products/264299437",
                            "Image URL": "https://digitalcontent.api.tesco.com/v2/media/ghs-mktg/b0b04216-fa73-466d-a9d7-c9fcfa1ce9b3/no-image.jpeg",
                            "productId": 7925,
                            "store": {
                                "name": "Tesco",
                                "address": "123 Fake Street, Dublin",
                                "image": "assets/storeLogos/tesco.png",
                                "hierarchy": [
                                    "Bakery",
                                    "In Store Bakery"
                                ]
                            }
                        },
                        {
                            "Title": "Tesco Malted Malted Wheat Crusty Roll",
                            "Price": "\u20ac0.40",
                            "Promotional Price": "",
                            "Price Per": "\u20ac0.40/each",
                            "Product URL": "https://www.tesco.ie/groceries/en-IE/products/312986029",
                            "Image URL": "https://digitalcontent.api.tesco.com/v2/media/ghs-mktg/b0b04216-fa73-466d-a9d7-c9fcfa1ce9b3/no-image.jpeg",
                            "productId": 6217,
                            "store": {
                                "name": "Tesco",
                                "address": "123 Fake Street, Dublin",
                                "image": "assets/storeLogos/tesco.png",
                                "hierarchy": [
                                    "Bakery",
                                    "In Store Bakery"
                                ]
                            }
                        },
                        {
                            "Title": "Panelto Seeds And Grains Oat And Fruit Roll",
                            "Price": "\u20ac0.59",
                            "Promotional Price": "",
                            "Price Per": "\u20ac0.59/each",
                            "Product URL": "https://www.tesco.ie/groceries/en-IE/products/310177691",
                            "Image URL": "https://digitalcontent.api.tesco.com/v2/media/ghs/f031ad69-4d9e-40d9-86aa-bd4efda0039b/73078b64-22e1-4007-b900-ea1208d14cb2_675020852.jpeg?h=225&w=225",
                            "productId": 2986,
                            "store": {
                                "name": "Tesco",
                                "address": "123 Fake Street, Dublin",
                                "image": "assets/storeLogos/tesco.png",
                                "hierarchy": [
                                    "Bakery",
                                    "In Store Bakery"
                                ]
                            }
                        },
                        {
                            "Title": "Tesco Premium Plain Scone",
                            "Price": "\u20ac1.10",
                            "Promotional Price": "COFFEE Meal Deal for \u20ac3 - Buy Tesco Smokin Bean Regular Coffee & Any 1 Tesco Scone, Kit Kat Csine De France Or Denny Products",
                            "Price Per": "\u20ac1.10/each",
                            "Product URL": "https://www.tesco.ie/groceries/en-IE/products/300916247",
                            "Image URL": "https://digitalcontent.api.tesco.com/v2/media/ghs/533fb722-b2dc-45fd-8254-98c8dd20156d/f4cdf249-c819-4b8c-900f-baa5842aa2bf_828977321.jpeg?h=225&w=225",
                            "productId": 4651,
                            "store": {
                                "name": "Tesco",
                                "address": "123 Fake Street, Dublin",
                                "image": "assets/storeLogos/tesco.png",
                                "hierarchy": [
                                    "Bakery",
                                    "In Store Bakery"
                                ]
                            }
                        },
                        {
                            "Title": "Tesco Ancient Grain Rolls 4 Pack",
                            "Price": "\u20ac2.75",
                            "Promotional Price": "",
                            "Price Per": "\u20ac0.69/each",
                            "Product URL": "https://www.tesco.ie/groceries/en-IE/products/306661336",
                            "Image URL": "https://digitalcontent.api.tesco.com/v2/media/ghs/76fe2999-4849-41ed-9bd5-a4895a28018b/67689ce1-03a2-4ace-a701-94da9bd64605.jpeg?h=225&w=225",
                            "productId": 3759,
                            "store": {
                                "name": "Tesco",
                                "address": "123 Fake Street, Dublin",
                                "image": "assets/storeLogos/tesco.png",
                                "hierarchy": [
                                    "Bakery",
                                    "In Store Bakery"
                                ]
                            }
                        }
                    ],
                    "From Our Bakery": [
                        {
                            "Title": "Europastry Pop Dots Stractlla Bomb 5 Pack",
                            "Price": "\u20ac2.50",
                            "Promotional Price": "",
                            "Price Per": "\u20ac2.50/each",
                            "Product URL": "https://www.tesco.ie/groceries/en-IE/products/315395228",
                            "Image URL": "https://digitalcontent.api.tesco.com/v2/media/ghs-mktg/b0b04216-fa73-466d-a9d7-c9fcfa1ce9b3/no-image.jpeg",
                            "productId": 7824,
                            "store": {
                                "name": "Tesco",
                                "address": "123 Fake Street, Dublin",
                                "image": "assets/storeLogos/tesco.png",
                                "hierarchy": [
                                    "Bakery",
                                    "From Our Bakery"
                                ]
                            }
                        },
                        {
                            "Title": "Tesco Finest Multiberry Scone",
                            "Price": "\u20ac1.50",
                            "Promotional Price": "Any 3 for \u20ac3 Clubcard Price - Selected *tesco Finest Scone Or Et Voila Croissant Or Danish",
                            "Price Per": "\u20ac1.50/each",
                            "Product URL": "https://www.tesco.ie/groceries/en-IE/products/315448069",
                            "Image URL": "https://digitalcontent.api.tesco.com/v2/media/ghs/f4789486-e203-4721-846a-40d959d6bf76/d500c1f4-cda3-4990-85d9-5da8b613f098_1529311154.jpeg?h=225&w=225",
                            "productId": 4937,
                            "store": {
                                "name": "Tesco",
                                "address": "123 Fake Street, Dublin",
                                "image": "assets/storeLogos/tesco.png",
                                "hierarchy": [
                                    "Bakery",
                                    "From Our Bakery"
                                ]
                            }
                        },
                        {
                            "Title": "Tesco Finest Multiberry Scone",
                            "Price": "\u20ac1.50",
                            "Promotional Price": "Any 3 for \u20ac3 Clubcard Price - Selected *tesco Finest Scone Or Et Voila Croissant Or Danish",
                            "Price Per": "\u20ac1.50/each",
                            "Product URL": "https://www.tesco.ie/groceries/en-IE/products/315448069",
                            "Image URL": "https://digitalcontent.api.tesco.com/v2/media/ghs/f4789486-e203-4721-846a-40d959d6bf76/d500c1f4-cda3-4990-85d9-5da8b613f098_1529311154.jpeg?h=225&w=225",
                            "productId": 5492,
                            "store": {
                                "name": "Tesco",
                                "address": "123 Fake Street, Dublin",
                                "image": "assets/storeLogos/tesco.png",
                                "hierarchy": [
                                    "Bakery",
                                    "From Our Bakery"
                                ]
                            }
                        },
                        {
                            "Title": "Europastry Pop Dots Stractlla Bomb 5 Pack",
                            "Price": "\u20ac2.50",
                            "Promotional Price": "",
                            "Price Per": "\u20ac2.50/each",
                            "Product URL": "https://www.tesco.ie/groceries/en-IE/products/315395228",
                            "Image URL": "https://digitalcontent.api.tesco.com/v2/media/ghs-mktg/b0b04216-fa73-466d-a9d7-c9fcfa1ce9b3/no-image.jpeg",
                            "productId": 8032,
                            "store": {
                                "name": "Tesco",
                                "address": "123 Fake Street, Dublin",
                                "image": "assets/storeLogos/tesco.png",
                                "hierarchy": [
                                    "Bakery",
                                    "From Our Bakery"
                                ]
                            }
                        },
                        {
                            "Title": "Cuisine De France Blueberry Muffin",
                            "Price": "\u20ac2.30",
                            "Promotional Price": "COFFEE Meal Deal for \u20ac3 - Buy Tesco Smokin Bean Regular Coffee & Any 1 Tesco Scone, Kit Kat Csine De France Or Denny Products",
                            "Price Per": "\u20ac2.30/each",
                            "Product URL": "https://www.tesco.ie/groceries/en-IE/products/308488544",
                            "Image URL": "https://digitalcontent.api.tesco.com/v2/media/ghs/01ffff92-35d3-430e-ac95-08a3fdd4ffba/snapshotimagehandler_724583191.jpeg?h=225&w=225",
                            "productId": 8661,
                            "store": {
                                "name": "Tesco",
                                "address": "123 Fake Street, Dublin",
                                "image": "assets/storeLogos/tesco.png",
                                "hierarchy": [
                                    "Bakery",
                                    "From Our Bakery"
                                ]
                            }
                        },
                        {
                            "Title": "Tesco Finest Vintage Cheese Boule",
                            "Price": "\u20ac3.50",
                            "Promotional Price": "",
                            "Price Per": "\u20ac3.50/each",
                            "Product URL": "https://www.tesco.ie/groceries/en-IE/products/315360039",
                            "Image URL": "https://digitalcontent.api.tesco.com/v2/media/ghs/25fc5c02-e5c2-47c1-a9f0-92f55096766c/89559e3c-d85a-411a-8cc4-199d67c6d17e_339427881.jpeg?h=225&w=225",
                            "productId": 2761,
                            "store": {
                                "name": "Tesco",
                                "address": "123 Fake Street, Dublin",
                                "image": "assets/storeLogos/tesco.png",
                                "hierarchy": [
                                    "Bakery",
                                    "From Our Bakery"
                                ]
                            }
                        }
                    ]
                },
                "Fresh Food": {
                    "Yoghurt": [
                        {
                            "Title": "Actimel Plus 100% Vitamin D Mango & Turmeric Live Yoghurt Drink Multipack 8x100g",
                            "Price": "\u20ac4.99",
                            "Promotional Price": "\u20ac3.50 Clubcard Price",
                            "Price Per": "\u20ac6.24/kg",
                            "Product URL": "https://www.tesco.ie/groceries/en-IE/products/314953048",
                            "Image URL": "https://digitalcontent.api.tesco.com/v2/media/ghs/0744146a-1817-4f33-be77-25044cf21bbe/30b09e70-15e8-467e-9859-4028a6000196.jpeg?h=225&w=225",
                            "productId": 1503,
                            "store": {
                                "name": "Tesco",
                                "address": "123 Fake Street, Dublin",
                                "image": "assets/storeLogos/tesco.png",
                                "hierarchy": [
                                    "Fresh Food",
                                    "Yoghurt"
                                ]
                            }
                        },
                        {
                            "Title": "Irish Yogurts Clonakilty 43g High Protein Natural Live Yogurt 350g",
                            "Price": "\u20ac2.29",
                            "Promotional Price": "\u20ac1.50 Clubcard Price",
                            "Price Per": "\u20ac6.54/kg",
                            "Product URL": "https://www.tesco.ie/groceries/en-IE/products/315447067",
                            "Image URL": "https://digitalcontent.api.tesco.com/v2/media/ghs/ac93d3e5-f24e-4827-b8e5-6707f03cf9ea/1f365756-3144-4d4e-b35b-254ed838ffaf_1518354411.jpeg?h=225&w=225",
                            "productId": 4093,
                            "store": {
                                "name": "Tesco",
                                "address": "123 Fake Street, Dublin",
                                "image": "assets/storeLogos/tesco.png",
                                "hierarchy": [
                                    "Fresh Food",
                                    "Yoghurt"
                                ]
                            }
                        },
                        {
                            "Title": "Velvet Cloud Sheep's Milk Yoghurt Natural 450G",
                            "Price": "\u20ac4.75",
                            "Promotional Price": "",
                            "Price Per": "\u20ac10.56/kg",
                            "Product URL": "https://www.tesco.ie/groceries/en-IE/products/303870076",
                            "Image URL": "https://digitalcontent.api.tesco.com/v2/media/ghs/3dbc3efd-976d-45ae-8f28-67939724b200/25209a4a-7537-4249-9436-3edb4e05a1b1_855385855.jpeg?h=225&w=225",
                            "productId": 8141,
                            "store": {
                                "name": "Tesco",
                                "address": "123 Fake Street, Dublin",
                                "image": "assets/storeLogos/tesco.png",
                                "hierarchy": [
                                    "Fresh Food",
                                    "Yoghurt"
                                ]
                            }
                        },
                        {
                            "Title": "Velvet Cloud Sheep's Milk Yoghurt Natural 450G",
                            "Price": "\u20ac4.75",
                            "Promotional Price": "",
                            "Price Per": "\u20ac10.56/kg",
                            "Product URL": "https://www.tesco.ie/groceries/en-IE/products/303870076",
                            "Image URL": "https://digitalcontent.api.tesco.com/v2/media/ghs/3dbc3efd-976d-45ae-8f28-67939724b200/25209a4a-7537-4249-9436-3edb4e05a1b1_855385855.jpeg?h=225&w=225",
                            "productId": 9132,
                            "store": {
                                "name": "Tesco",
                                "address": "123 Fake Street, Dublin",
                                "image": "assets/storeLogos/tesco.png",
                                "hierarchy": [
                                    "Fresh Food",
                                    "Yoghurt"
                                ]
                            }
                        }
                    ],
                    "Milk, Butter & Eggs": [
                        {
                            "Title": "Starbucks Caffe Latte Chilled Coffee 220Ml",
                            "Price": "\u20ac3.45",
                            "Promotional Price": "",
                            "Price Per": "\u20ac15.68/litre",
                            "Product URL": "https://www.tesco.ie/groceries/en-IE/products/312110099",
                            "Image URL": "https://digitalcontent.api.tesco.com/v2/media/ghs/0a61b087-093d-4f45-92c1-11d3c4cf9fe5/e1c2fc8a-76f3-4e7f-8226-4a25c40d2a5a_67273314.jpeg?h=225&w=225",
                            "productId": 2087,
                            "store": {
                                "name": "Tesco",
                                "address": "123 Fake Street, Dublin",
                                "image": "assets/storeLogos/tesco.png",
                                "hierarchy": [
                                    "Fresh Food",
                                    "Milk, Butter & Eggs"
                                ]
                            }
                        },
                        {
                            "Title": "Rathcore Hill Poultry Free Range 6 Large",
                            "Price": "\u20ac2.79",
                            "Promotional Price": "",
                            "Price Per": "\u20ac0.46/each",
                            "Product URL": "https://www.tesco.ie/groceries/en-IE/products/274400349",
                            "Image URL": "https://digitalcontent.api.tesco.com/v2/media/ghs-mktg/b0b04216-fa73-466d-a9d7-c9fcfa1ce9b3/no-image.jpeg",
                            "productId": 6205,
                            "store": {
                                "name": "Tesco",
                                "address": "123 Fake Street, Dublin",
                                "image": "assets/storeLogos/tesco.png",
                                "hierarchy": [
                                    "Fresh Food",
                                    "Milk, Butter & Eggs"
                                ]
                            }
                        },
                        {
                            "Title": "Minor Figures Barista Oat Drink 1L",
                            "Price": "\u20ac2.35",
                            "Promotional Price": "\u20ac2.00 Clubcard Price",
                            "Price Per": "\u20ac2.35/litre",
                            "Product URL": "https://www.tesco.ie/groceries/en-IE/products/311444765",
                            "Image URL": "https://digitalcontent.api.tesco.com/v2/media/ghs/3708c8f8-23ac-406b-8342-68d4bbbc80d5/30fb14de-6938-4491-bda7-d3baebca0db8.jpeg?h=225&w=225",
                            "productId": 7326,
                            "store": {
                                "name": "Tesco",
                                "address": "123 Fake Street, Dublin",
                                "image": "assets/storeLogos/tesco.png",
                                "hierarchy": [
                                    "Fresh Food",
                                    "Milk, Butter & Eggs"
                                ]
                            }
                        },
                        {
                            "Title": "Benecol Olive Oil Spread 500G",
                            "Price": "\u20ac7.99",
                            "Promotional Price": "",
                            "Price Per": "\u20ac15.98/kg",
                            "Product URL": "https://www.tesco.ie/groceries/en-IE/products/252574274",
                            "Image URL": "https://digitalcontent.api.tesco.com/v2/media/ghs/90529a96-3c07-4599-adfd-3d805488ffb5/e948eaf3-ced8-4716-b66c-db1e4b5031e7_1591810990.jpeg?h=225&w=225",
                            "productId": 4743,
                            "store": {
                                "name": "Tesco",
                                "address": "123 Fake Street, Dublin",
                                "image": "assets/storeLogos/tesco.png",
                                "hierarchy": [
                                    "Fresh Food",
                                    "Milk, Butter & Eggs"
                                ]
                            }
                        },
                        {
                            "Title": "Cookie Do Triple Chocolate Chip Cookies 360g",
                            "Price": "\u20ac3.99",
                            "Promotional Price": "",
                            "Price Per": "\u20ac11.08/kg",
                            "Product URL": "https://www.tesco.ie/groceries/en-IE/products/315450060",
                            "Image URL": "https://digitalcontent.api.tesco.com/v2/media/ghs-mktg/b0b04216-fa73-466d-a9d7-c9fcfa1ce9b3/no-image.jpeg",
                            "productId": 9248,
                            "store": {
                                "name": "Tesco",
                                "address": "123 Fake Street, Dublin",
                                "image": "assets/storeLogos/tesco.png",
                                "hierarchy": [
                                    "Fresh Food",
                                    "Milk, Butter & Eggs"
                                ]
                            }
                        },
                        {
                            "Title": "Chivers Raspberry Crystal Nas11.5G",
                            "Price": "\u20ac0.85",
                            "Promotional Price": "",
                            "Price Per": "\u20ac73.91/kg",
                            "Product URL": "https://www.tesco.ie/groceries/en-IE/products/289326472",
                            "Image URL": "https://digitalcontent.api.tesco.com/v2/media/ghs/c17740e5-dd3e-4915-9bfc-5d20c1b606be/snapshotimagehandler_1014096421.jpeg?h=225&w=225",
                            "productId": 3090,
                            "store": {
                                "name": "Tesco",
                                "address": "123 Fake Street, Dublin",
                                "image": "assets/storeLogos/tesco.png",
                                "hierarchy": [
                                    "Fresh Food",
                                    "Milk, Butter & Eggs"
                                ]
                            }
                        },
                        {
                            "Title": "Rathcore Hill Poultry Free Range 6 Large",
                            "Price": "\u20ac2.79",
                            "Promotional Price": "",
                            "Price Per": "\u20ac0.46/each",
                            "Product URL": "https://www.tesco.ie/groceries/en-IE/products/274400349",
                            "Image URL": "https://digitalcontent.api.tesco.com/v2/media/ghs-mktg/b0b04216-fa73-466d-a9d7-c9fcfa1ce9b3/no-image.jpeg",
                            "productId": 5607,
                            "store": {
                                "name": "Tesco",
                                "address": "123 Fake Street, Dublin",
                                "image": "assets/storeLogos/tesco.png",
                                "hierarchy": [
                                    "Fresh Food",
                                    "Milk, Butter & Eggs"
                                ]
                            }
                        }
                    ],
                    "Juices & Smoothies": [
                        {
                            "Title": "Vita Coco 100% Natural Coconut Water 330Ml",
                            "Price": "\u20ac2.66",
                            "Promotional Price": "Meal Deal for \u20ac4.49 - Buy Any 1 Pasta Or Wrap Or Sandwich Or Salad Or Sushi & 1 Crisp Or Fruit & 1 Drink",
                            "Price Per": "\u20ac8.06/litre",
                            "Product URL": "https://www.tesco.ie/groceries/en-IE/products/274348209",
                            "Image URL": "https://digitalcontent.api.tesco.com/v2/media/ghs/ebb86a2f-fe43-4a07-9e94-ce376c8b63fd/5791021b-78a6-4ec1-906c-81d75bc7ee0f_1451777106.jpeg?h=225&w=225",
                            "productId": 8148,
                            "store": {
                                "name": "Tesco",
                                "address": "123 Fake Street, Dublin",
                                "image": "assets/storeLogos/tesco.png",
                                "hierarchy": [
                                    "Fresh Food",
                                    "Juices & Smoothies"
                                ]
                            }
                        },
                        {
                            "Title": "Tropicana Plus Viva Vitality Fruit Drink 750Ml",
                            "Price": "\u20ac3.99",
                            "Promotional Price": "",
                            "Price Per": "\u20ac5.32/litre",
                            "Product URL": "https://www.tesco.ie/groceries/en-IE/products/307137829",
                            "Image URL": "https://digitalcontent.api.tesco.com/v2/media/ghs/918a3c1e-b5cc-42c7-a051-4bf80f8e3332/8664a632-1965-4fa3-bf78-5cb1487f734e.jpeg?h=225&w=225",
                            "productId": 8303,
                            "store": {
                                "name": "Tesco",
                                "address": "123 Fake Street, Dublin",
                                "image": "assets/storeLogos/tesco.png",
                                "hierarchy": [
                                    "Fresh Food",
                                    "Juices & Smoothies"
                                ]
                            }
                        },
                        {
                            "Title": "Innocent Energise Super Smoothie 300Ml",
                            "Price": "\u20ac3.19",
                            "Promotional Price": "\u20ac2.50 Clubcard Price",
                            "Price Per": "\u20ac10.63/litre",
                            "Product URL": "https://www.tesco.ie/groceries/en-IE/products/305518993",
                            "Image URL": "https://digitalcontent.api.tesco.com/v2/media/ghs/6ef3416a-501b-448b-8e39-3c8eded94c93/9500422f-bed1-4b08-9978-11064260f9c3.jpeg?h=225&w=225",
                            "productId": 1930,
                            "store": {
                                "name": "Tesco",
                                "address": "123 Fake Street, Dublin",
                                "image": "assets/storeLogos/tesco.png",
                                "hierarchy": [
                                    "Fresh Food",
                                    "Juices & Smoothies"
                                ]
                            }
                        },
                        {
                            "Title": "Tropicana Plus Viva Vitality Fruit Drink 750Ml",
                            "Price": "\u20ac3.99",
                            "Promotional Price": "",
                            "Price Per": "\u20ac5.32/litre",
                            "Product URL": "https://www.tesco.ie/groceries/en-IE/products/307137829",
                            "Image URL": "https://digitalcontent.api.tesco.com/v2/media/ghs/918a3c1e-b5cc-42c7-a051-4bf80f8e3332/8664a632-1965-4fa3-bf78-5cb1487f734e.jpeg?h=225&w=225",
                            "productId": 3138,
                            "store": {
                                "name": "Tesco",
                                "address": "123 Fake Street, Dublin",
                                "image": "assets/storeLogos/tesco.png",
                                "hierarchy": [
                                    "Fresh Food",
                                    "Juices & Smoothies"
                                ]
                            }
                        },
                        {
                            "Title": "Innocent Energise Super Smoothie 300Ml",
                            "Price": "\u20ac3.19",
                            "Promotional Price": "\u20ac2.50 Clubcard Price",
                            "Price Per": "\u20ac10.63/litre",
                            "Product URL": "https://www.tesco.ie/groceries/en-IE/products/305518993",
                            "Image URL": "https://digitalcontent.api.tesco.com/v2/media/ghs/6ef3416a-501b-448b-8e39-3c8eded94c93/9500422f-bed1-4b08-9978-11064260f9c3.jpeg?h=225&w=225",
                            "productId": 3852,
                            "store": {
                                "name": "Tesco",
                                "address": "123 Fake Street, Dublin",
                                "image": "assets/storeLogos/tesco.png",
                                "hierarchy": [
                                    "Fresh Food",
                                    "Juices & Smoothies"
                                ]
                            }
                        }
                    ],
                    "Dairy Alternatives": [
                        {
                            "Title": "Alpro Strawberry Banana Dairy Free Yoghurt Alternative 4x125g",
                            "Price": "Currently out of stock",
                            "Promotional Price": "",
                            "Price Per": "",
                            "Product URL": "https://www.tesco.ie/groceries/en-IE/products/307758709",
                            "Image URL": "https://digitalcontent.api.tesco.com/v2/media/ghs/b282c5b5-0fab-4056-be34-9107301e9cb9/cfa57d78-40ed-4205-ab20-188573808d78_661287577.jpeg?h=225&w=225",
                            "productId": 9870,
                            "store": {
                                "name": "Tesco",
                                "address": "123 Fake Street, Dublin",
                                "image": "assets/storeLogos/tesco.png",
                                "hierarchy": [
                                    "Fresh Food",
                                    "Dairy Alternatives"
                                ]
                            }
                        },
                        {
                            "Title": "Alpro Strawberry Banana Dairy Free Yoghurt Alternative 4x125g",
                            "Price": "Currently out of stock",
                            "Promotional Price": "",
                            "Price Per": "",
                            "Product URL": "https://www.tesco.ie/groceries/en-IE/products/307758709",
                            "Image URL": "https://digitalcontent.api.tesco.com/v2/media/ghs/b282c5b5-0fab-4056-be34-9107301e9cb9/cfa57d78-40ed-4205-ab20-188573808d78_661287577.jpeg?h=225&w=225",
                            "productId": 3696,
                            "store": {
                                "name": "Tesco",
                                "address": "123 Fake Street, Dublin",
                                "image": "assets/storeLogos/tesco.png",
                                "hierarchy": [
                                    "Fresh Food",
                                    "Dairy Alternatives"
                                ]
                            }
                        },
                        {
                            "Title": "Alpro Strawberry Banana Dairy Free Yoghurt Alternative 4x125g",
                            "Price": "Currently out of stock",
                            "Promotional Price": "",
                            "Price Per": "",
                            "Product URL": "https://www.tesco.ie/groceries/en-IE/products/307758709",
                            "Image URL": "https://digitalcontent.api.tesco.com/v2/media/ghs/b282c5b5-0fab-4056-be34-9107301e9cb9/cfa57d78-40ed-4205-ab20-188573808d78_661287577.jpeg?h=225&w=225",
                            "productId": 2005,
                            "store": {
                                "name": "Tesco",
                                "address": "123 Fake Street, Dublin",
                                "image": "assets/storeLogos/tesco.png",
                                "hierarchy": [
                                    "Fresh Food",
                                    "Dairy Alternatives"
                                ]
                            }
                        }
                    ],
                    "Continental Meats & Antipasti": [
                        {
                            "Title": "Chianti Salumi Mixed Antipasto Pork Platter 120G",
                            "Price": "\u20ac4.79",
                            "Promotional Price": "",
                            "Price Per": "\u20ac39.92/kg",
                            "Product URL": "https://www.tesco.ie/groceries/en-IE/products/309759509",
                            "Image URL": "https://digitalcontent.api.tesco.com/v2/media/ghs/bbe3ac39-a75f-486c-a83b-1137eae91695/ce18de83-12a0-4be1-8a41-3a7245fdab3f_1854627562.jpeg?h=225&w=225",
                            "productId": 7897,
                            "store": {
                                "name": "Tesco",
                                "address": "123 Fake Street, Dublin",
                                "image": "assets/storeLogos/tesco.png",
                                "hierarchy": [
                                    "Fresh Food",
                                    "Continental Meats & Antipasti"
                                ]
                            }
                        },
                        {
                            "Title": "Horgans Garlic Pate 175G",
                            "Price": "\u20ac1.90",
                            "Promotional Price": "",
                            "Price Per": "\u20ac10.86/kg",
                            "Product URL": "https://www.tesco.ie/groceries/en-IE/products/295712294",
                            "Image URL": "https://digitalcontent.api.tesco.com/v2/media/ghs/1e3237dd-73a4-45a5-8a22-6670648d9d3f/snapshotimagehandler_694959782.jpeg?h=225&w=225",
                            "productId": 5885,
                            "store": {
                                "name": "Tesco",
                                "address": "123 Fake Street, Dublin",
                                "image": "assets/storeLogos/tesco.png",
                                "hierarchy": [
                                    "Fresh Food",
                                    "Continental Meats & Antipasti"
                                ]
                            }
                        },
                        {
                            "Title": "Horgan's Mixed Red And Yellow Peppers And Cream Cheese 120G",
                            "Price": "\u20ac3.20",
                            "Promotional Price": "",
                            "Price Per": "\u20ac26.67/kg",
                            "Product URL": "https://www.tesco.ie/groceries/en-IE/products/309743022",
                            "Image URL": "https://digitalcontent.api.tesco.com/v2/media/ghs/8fef6efb-c1f9-476a-a765-bcf71c3bf556/6afe9994-fb01-4cad-90c1-0f3561f72e27_12178185.jpeg?h=225&w=225",
                            "productId": 6709,
                            "store": {
                                "name": "Tesco",
                                "address": "123 Fake Street, Dublin",
                                "image": "assets/storeLogos/tesco.png",
                                "hierarchy": [
                                    "Fresh Food",
                                    "Continental Meats & Antipasti"
                                ]
                            }
                        },
                        {
                            "Title": "Chianti Salumi Salame Toscano 100G",
                            "Price": "\u20ac3.29",
                            "Promotional Price": "",
                            "Price Per": "\u20ac32.90/kg",
                            "Product URL": "https://www.tesco.ie/groceries/en-IE/products/310178091",
                            "Image URL": "https://digitalcontent.api.tesco.com/v2/media/ghs/ecc638de-287c-486b-8cad-832deb45830b/54a623e7-8c15-41c8-b8d4-3de0341f902c_1264885095.jpeg?h=225&w=225",
                            "productId": 1570,
                            "store": {
                                "name": "Tesco",
                                "address": "123 Fake Street, Dublin",
                                "image": "assets/storeLogos/tesco.png",
                                "hierarchy": [
                                    "Fresh Food",
                                    "Continental Meats & Antipasti"
                                ]
                            }
                        },
                        {
                            "Title": "Chianti Salumi Mixed Antipasto Pork Platter 120G",
                            "Price": "\u20ac4.79",
                            "Promotional Price": "",
                            "Price Per": "\u20ac39.92/kg",
                            "Product URL": "https://www.tesco.ie/groceries/en-IE/products/309759509",
                            "Image URL": "https://digitalcontent.api.tesco.com/v2/media/ghs/bbe3ac39-a75f-486c-a83b-1137eae91695/ce18de83-12a0-4be1-8a41-3a7245fdab3f_1854627562.jpeg?h=225&w=225",
                            "productId": 4848,
                            "store": {
                                "name": "Tesco",
                                "address": "123 Fake Street, Dublin",
                                "image": "assets/storeLogos/tesco.png",
                                "hierarchy": [
                                    "Fresh Food",
                                    "Continental Meats & Antipasti"
                                ]
                            }
                        },
                        {
                            "Title": "Tesco Prosciutto Cotto 100G",
                            "Price": "\u20ac2.15",
                            "Promotional Price": "\u20ac1.95 Clubcard Price",
                            "Price Per": "\u20ac21.50/kg",
                            "Product URL": "https://www.tesco.ie/groceries/en-IE/products/304781404",
                            "Image URL": "https://digitalcontent.api.tesco.com/v2/media/ghs/b9656baf-47cd-4f3a-bae8-f6a8a716f2e3/0736751e-43d0-4f83-bbf2-da111e7e0ac7.jpeg?h=225&w=225",
                            "productId": 3540,
                            "store": {
                                "name": "Tesco",
                                "address": "123 Fake Street, Dublin",
                                "image": "assets/storeLogos/tesco.png",
                                "hierarchy": [
                                    "Fresh Food",
                                    "Continental Meats & Antipasti"
                                ]
                            }
                        },
                        {
                            "Title": "Noel Chorizo Iberico Ring 170G",
                            "Price": "\u20ac5.00",
                            "Promotional Price": "",
                            "Price Per": "\u20ac29.41/kg",
                            "Product URL": "https://www.tesco.ie/groceries/en-IE/products/307352879",
                            "Image URL": "https://digitalcontent.api.tesco.com/v2/media/ghs/7727350a-519d-40a4-92d3-158c96c7b170/f6e8fc29-2219-47a6-84eb-38afaf368803_80620234.jpeg?h=225&w=225",
                            "productId": 8562,
                            "store": {
                                "name": "Tesco",
                                "address": "123 Fake Street, Dublin",
                                "image": "assets/storeLogos/tesco.png",
                                "hierarchy": [
                                    "Fresh Food",
                                    "Continental Meats & Antipasti"
                                ]
                            }
                        },
                        {
                            "Title": "Chainti Salumi Coppa Stagionata 100G",
                            "Price": "\u20ac3.29",
                            "Promotional Price": "",
                            "Price Per": "\u20ac32.90/kg",
                            "Product URL": "https://www.tesco.ie/groceries/en-IE/products/310137451",
                            "Image URL": "https://digitalcontent.api.tesco.com/v2/media/ghs/f9017476-7171-4093-8c4a-d5b6d6113d8a/29a76ae5-d9d1-431e-b2e7-1bcda80ef94b_165920122.jpeg?h=225&w=225",
                            "productId": 4680,
                            "store": {
                                "name": "Tesco",
                                "address": "123 Fake Street, Dublin",
                                "image": "assets/storeLogos/tesco.png",
                                "hierarchy": [
                                    "Fresh Food",
                                    "Continental Meats & Antipasti"
                                ]
                            }
                        },
                        {
                            "Title": "Tesco Prosciutto Cotto 100G",
                            "Price": "\u20ac2.15",
                            "Promotional Price": "\u20ac1.95 Clubcard Price",
                            "Price Per": "\u20ac21.50/kg",
                            "Product URL": "https://www.tesco.ie/groceries/en-IE/products/304781404",
                            "Image URL": "https://digitalcontent.api.tesco.com/v2/media/ghs/b9656baf-47cd-4f3a-bae8-f6a8a716f2e3/0736751e-43d0-4f83-bbf2-da111e7e0ac7.jpeg?h=225&w=225",
                            "productId": 8543,
                            "store": {
                                "name": "Tesco",
                                "address": "123 Fake Street, Dublin",
                                "image": "assets/storeLogos/tesco.png",
                                "hierarchy": [
                                    "Fresh Food",
                                    "Continental Meats & Antipasti"
                                ]
                            }
                        }
                    ],
                    "Meat Free": [
                        {
                            "Title": "Sons Of Butchers Southern Fried Trick 'N Goujons 200G",
                            "Price": "\u20ac4.00",
                            "Promotional Price": "\u20ac3.19 Clubcard Price",
                            "Price Per": "\u20ac20.00/kg",
                            "Product URL": "https://www.tesco.ie/groceries/en-IE/products/311276670",
                            "Image URL": "https://digitalcontent.api.tesco.com/v2/media/ghs/7e3837dd-a9fa-44fe-848f-e9c896e07071/4815891d-2d53-4e80-ab14-8b98103c5c61_1671866287.jpeg?h=225&w=225",
                            "productId": 3781,
                            "store": {
                                "name": "Tesco",
                                "address": "123 Fake Street, Dublin",
                                "image": "assets/storeLogos/tesco.png",
                                "hierarchy": [
                                    "Fresh Food",
                                    "Meat Free"
                                ]
                            }
                        },
                        {
                            "Title": "Quorn Meat Free Peppered Steaks 2 Pack, 196G",
                            "Price": "\u20ac4.35",
                            "Promotional Price": "",
                            "Price Per": "\u20ac22.19/kg",
                            "Product URL": "https://www.tesco.ie/groceries/en-IE/products/251922538",
                            "Image URL": "https://digitalcontent.api.tesco.com/v2/media/ghs/c8ca88a5-e77e-470b-9b36-d061b4627f87/a5ae1a4f-8ac4-418a-afa7-2029e4660f84_1796637024.jpeg?h=225&w=225",
                            "productId": 9988,
                            "store": {
                                "name": "Tesco",
                                "address": "123 Fake Street, Dublin",
                                "image": "assets/storeLogos/tesco.png",
                                "hierarchy": [
                                    "Fresh Food",
                                    "Meat Free"
                                ]
                            }
                        },
                        {
                            "Title": "Thanks Plants Everyday Roast 500G",
                            "Price": "\u20ac8.95",
                            "Promotional Price": "",
                            "Price Per": "\u20ac17.90/kg",
                            "Product URL": "https://www.tesco.ie/groceries/en-IE/products/311792527",
                            "Image URL": "https://digitalcontent.api.tesco.com/v2/media/ghs/6a24360d-0987-41be-b00c-0f572f0c4405/f9e3f5ef-c6e2-4048-9718-94944dd3f17f_1327216951.jpeg?h=225&w=225",
                            "productId": 7928,
                            "store": {
                                "name": "Tesco",
                                "address": "123 Fake Street, Dublin",
                                "image": "assets/storeLogos/tesco.png",
                                "hierarchy": [
                                    "Fresh Food",
                                    "Meat Free"
                                ]
                            }
                        },
                        {
                            "Title": "Tofoo Co Tempeh 200G",
                            "Price": "\u20ac3.00",
                            "Promotional Price": "\u20ac2.40 Clubcard Price",
                            "Price Per": "\u20ac15.00/kg",
                            "Product URL": "https://www.tesco.ie/groceries/en-IE/products/303969755",
                            "Image URL": "https://digitalcontent.api.tesco.com/v2/media/ghs/63062fdc-8d2f-4710-8069-2f253d97d35e/d5043de6-7395-48c6-8ed2-b21e485d11ff.jpeg?h=225&w=225",
                            "productId": 2717,
                            "store": {
                                "name": "Tesco",
                                "address": "123 Fake Street, Dublin",
                                "image": "assets/storeLogos/tesco.png",
                                "hierarchy": [
                                    "Fresh Food",
                                    "Meat Free"
                                ]
                            }
                        },
                        {
                            "Title": "Tesco Tempura Chicken Breast Chunks 650G",
                            "Price": "\u20ac5.75",
                            "Promotional Price": "",
                            "Price Per": "\u20ac8.85/kg",
                            "Product URL": "https://www.tesco.ie/groceries/en-IE/products/315335139",
                            "Image URL": "https://digitalcontent.api.tesco.com/v2/media/ghs/8e15ad13-8efc-4002-a8a9-40cb0919f3a2/876fe32d-59ba-4dd1-9ecc-1943a0d56e12.jpeg?h=225&w=225",
                            "productId": 4971,
                            "store": {
                                "name": "Tesco",
                                "address": "123 Fake Street, Dublin",
                                "image": "assets/storeLogos/tesco.png",
                                "hierarchy": [
                                    "Fresh Food",
                                    "Meat Free"
                                ]
                            }
                        },
                        {
                            "Title": "Quorn Spinach And Red Pepper Slices 100G",
                            "Price": "\u20ac2.70",
                            "Promotional Price": "",
                            "Price Per": "\u20ac27.00/kg",
                            "Product URL": "https://www.tesco.ie/groceries/en-IE/products/297661822",
                            "Image URL": "https://digitalcontent.api.tesco.com/v2/media/ghs/0002e283-9d26-415e-88c5-164de4da8927/f880eb8f-e96e-4677-9eba-f946411c5309.jpeg?h=225&w=225",
                            "productId": 3990,
                            "store": {
                                "name": "Tesco",
                                "address": "123 Fake Street, Dublin",
                                "image": "assets/storeLogos/tesco.png",
                                "hierarchy": [
                                    "Fresh Food",
                                    "Meat Free"
                                ]
                            }
                        },
                        {
                            "Title": "Sons Of Butchers Southern Fried Trick 'N Goujons 200G",
                            "Price": "\u20ac4.00",
                            "Promotional Price": "\u20ac3.19 Clubcard Price",
                            "Price Per": "\u20ac20.00/kg",
                            "Product URL": "https://www.tesco.ie/groceries/en-IE/products/311276670",
                            "Image URL": "https://digitalcontent.api.tesco.com/v2/media/ghs/7e3837dd-a9fa-44fe-848f-e9c896e07071/4815891d-2d53-4e80-ab14-8b98103c5c61_1671866287.jpeg?h=225&w=225",
                            "productId": 3510,
                            "store": {
                                "name": "Tesco",
                                "address": "123 Fake Street, Dublin",
                                "image": "assets/storeLogos/tesco.png",
                                "hierarchy": [
                                    "Fresh Food",
                                    "Meat Free"
                                ]
                            }
                        },
                        {
                            "Title": "Rudds Plnt/Bsd Veggie Black Pudding 200G",
                            "Price": "\u20ac2.50",
                            "Promotional Price": "",
                            "Price Per": "\u20ac12.50/kg",
                            "Product URL": "https://www.tesco.ie/groceries/en-IE/products/308091886",
                            "Image URL": "https://digitalcontent.api.tesco.com/v2/media/ghs/ff36f79e-8251-4054-b86e-eb5bf247b8dd/3469bca8-be14-4a1e-9b06-08230e81e7dc_1370933042.jpeg?h=225&w=225",
                            "productId": 8469,
                            "store": {
                                "name": "Tesco",
                                "address": "123 Fake Street, Dublin",
                                "image": "assets/storeLogos/tesco.png",
                                "hierarchy": [
                                    "Fresh Food",
                                    "Meat Free"
                                ]
                            }
                        },
                        {
                            "Title": "Quorn Meat Free Mince 350G",
                            "Price": "\u20ac3.50",
                            "Promotional Price": "",
                            "Price Per": "\u20ac10.00/kg",
                            "Product URL": "https://www.tesco.ie/groceries/en-IE/products/259363109",
                            "Image URL": "https://digitalcontent.api.tesco.com/v2/media/ghs/c63ca81c-b4d0-471f-b141-41a4427c8b8c/6469fe59-3273-466e-83ce-18670abf8545_1589390207.jpeg?h=225&w=225",
                            "productId": 1062,
                            "store": {
                                "name": "Tesco",
                                "address": "123 Fake Street, Dublin",
                                "image": "assets/storeLogos/tesco.png",
                                "hierarchy": [
                                    "Fresh Food",
                                    "Meat Free"
                                ]
                            }
                        },
                        {
                            "Title": "Sons Of Butchers 2 Bluff Burger 227G",
                            "Price": "\u20ac3.00",
                            "Promotional Price": "\u20ac2.40 Clubcard Price",
                            "Price Per": "\u20ac13.22/kg",
                            "Product URL": "https://www.tesco.ie/groceries/en-IE/products/309482474",
                            "Image URL": "https://digitalcontent.api.tesco.com/v2/media/ghs/ebc42ba3-4964-4e81-92c0-5fb4fb5e0ce1/6ec99772-0ef8-46a1-a670-120546f71a56_424030572.jpeg?h=225&w=225",
                            "productId": 9474,
                            "store": {
                                "name": "Tesco",
                                "address": "123 Fake Street, Dublin",
                                "image": "assets/storeLogos/tesco.png",
                                "hierarchy": [
                                    "Fresh Food",
                                    "Meat Free"
                                ]
                            }
                        },
                        {
                            "Title": "Tesco Tempura Chicken Breast Chunks 650G",
                            "Price": "\u20ac5.75",
                            "Promotional Price": "",
                            "Price Per": "\u20ac8.85/kg",
                            "Product URL": "https://www.tesco.ie/groceries/en-IE/products/315335139",
                            "Image URL": "https://digitalcontent.api.tesco.com/v2/media/ghs/8e15ad13-8efc-4002-a8a9-40cb0919f3a2/876fe32d-59ba-4dd1-9ecc-1943a0d56e12.jpeg?h=225&w=225",
                            "productId": 8958,
                            "store": {
                                "name": "Tesco",
                                "address": "123 Fake Street, Dublin",
                                "image": "assets/storeLogos/tesco.png",
                                "hierarchy": [
                                    "Fresh Food",
                                    "Meat Free"
                                ]
                            }
                        }
                    ],
                    "Fresh Meals, Pizza, Pasta & Garlic Bread": [
                        {
                            "Title": "Tesco Finest Truffle & Pecorino Mayonnaise Dip 100G",
                            "Price": "\u20ac3.85",
                            "Promotional Price": "",
                            "Price Per": "\u20ac38.50/kg",
                            "Product URL": "https://www.tesco.ie/groceries/en-IE/products/314691069",
                            "Image URL": "https://digitalcontent.api.tesco.com/v2/media/ghs/a7a78f7f-dd63-4d02-bbc2-84ac8e339bd0/3c7505de-5b55-4885-b7b7-7e69434092c2.jpeg?h=225&w=225",
                            "productId": 3754,
                            "store": {
                                "name": "Tesco",
                                "address": "123 Fake Street, Dublin",
                                "image": "assets/storeLogos/tesco.png",
                                "hierarchy": [
                                    "Fresh Food",
                                    "Fresh Meals, Pizza, Pasta & Garlic Bread"
                                ]
                            }
                        },
                        {
                            "Title": "Tesco Finest 8 Chicken Tikka Samosas 230G",
                            "Price": "Currently out of stock",
                            "Promotional Price": "",
                            "Price Per": "",
                            "Product URL": "https://www.tesco.ie/groceries/en-IE/products/306950870",
                            "Image URL": "https://digitalcontent.api.tesco.com/v2/media/ghs/09f59267-f8c3-45cb-9bed-a58e5c199a55/7c973725-1732-480a-bfda-e94f147bafda.jpeg?h=225&w=225",
                            "productId": 8257,
                            "store": {
                                "name": "Tesco",
                                "address": "123 Fake Street, Dublin",
                                "image": "assets/storeLogos/tesco.png",
                                "hierarchy": [
                                    "Fresh Food",
                                    "Fresh Meals, Pizza, Pasta & Garlic Bread"
                                ]
                            }
                        },
                        {
                            "Title": "Temporin Tortelloni With Ricotta And Spinach 250G",
                            "Price": "\u20ac3.99",
                            "Promotional Price": "",
                            "Price Per": "\u20ac15.96/kg",
                            "Product URL": "https://www.tesco.ie/groceries/en-IE/products/310116136",
                            "Image URL": "https://digitalcontent.api.tesco.com/v2/media/ghs/d84db50e-78ef-43f8-bcb5-de8a1c1576ee/e44777a1-e242-4d03-ba41-7b881dbfbae6_1194701373.jpeg?h=225&w=225",
                            "productId": 4209,
                            "store": {
                                "name": "Tesco",
                                "address": "123 Fake Street, Dublin",
                                "image": "assets/storeLogos/tesco.png",
                                "hierarchy": [
                                    "Fresh Food",
                                    "Fresh Meals, Pizza, Pasta & Garlic Bread"
                                ]
                            }
                        },
                        {
                            "Title": "Tesco Finest Basil Pesto & Mozzarella Bread 280g",
                            "Price": "\u20ac3.50",
                            "Promotional Price": "",
                            "Price Per": "\u20ac12.50/kg",
                            "Product URL": "https://www.tesco.ie/groceries/en-IE/products/315573162",
                            "Image URL": "https://digitalcontent.api.tesco.com/v2/media/ghs/e2e22cbb-63a9-4e61-bc50-42e947807440/8fbb7889-926f-4ad2-8f74-31ad515fdf7a_1692275471.jpeg?h=225&w=225",
                            "productId": 4356,
                            "store": {
                                "name": "Tesco",
                                "address": "123 Fake Street, Dublin",
                                "image": "assets/storeLogos/tesco.png",
                                "hierarchy": [
                                    "Fresh Food",
                                    "Fresh Meals, Pizza, Pasta & Garlic Bread"
                                ]
                            }
                        },
                        {
                            "Title": "Tesco Double White Cheddar And Relish Sandwich 190G",
                            "Price": "\u20ac3.50",
                            "Promotional Price": "Meal Deal for \u20ac4.49 - Buy Any 1 Pasta Or Wrap Or Sandwich Or Salad Or Sushi & 1 Crisp Or Fruit & 1 Drink",
                            "Price Per": "\u20ac18.42/kg",
                            "Product URL": "https://www.tesco.ie/groceries/en-IE/products/310109957",
                            "Image URL": "https://digitalcontent.api.tesco.com/v2/media/ghs/8578c9c1-b3e5-4e65-89b3-cad11928c767/d212a97f-fd78-4a3d-ac09-410f9254730a_678892619.jpeg?h=225&w=225",
                            "productId": 2951,
                            "store": {
                                "name": "Tesco",
                                "address": "123 Fake Street, Dublin",
                                "image": "assets/storeLogos/tesco.png",
                                "hierarchy": [
                                    "Fresh Food",
                                    "Fresh Meals, Pizza, Pasta & Garlic Bread"
                                ]
                            }
                        },
                        {
                            "Title": "Kinsale Bay Food Co Mushroom Soup 400G",
                            "Price": "\u20ac2.85",
                            "Promotional Price": "",
                            "Price Per": "\u20ac7.12/kg",
                            "Product URL": "https://www.tesco.ie/groceries/en-IE/products/284216132",
                            "Image URL": "https://digitalcontent.api.tesco.com/v2/media/ghs/ad41e47f-f7b3-4b25-8d19-a21154c37ee9/e9f353c3-2e0a-4f72-925c-a243bb7909c9_537385341.jpeg?h=225&w=225",
                            "productId": 1704,
                            "store": {
                                "name": "Tesco",
                                "address": "123 Fake Street, Dublin",
                                "image": "assets/storeLogos/tesco.png",
                                "hierarchy": [
                                    "Fresh Food",
                                    "Fresh Meals, Pizza, Pasta & Garlic Bread"
                                ]
                            }
                        },
                        {
                            "Title": "Donnelly Fresh Caesa And Bacon Pasta Pot 300G",
                            "Price": "\u20ac2.99",
                            "Promotional Price": "\u20ac2.50 Clubcard Price",
                            "Price Per": "\u20ac9.97/kg",
                            "Product URL": "https://www.tesco.ie/groceries/en-IE/products/315450359",
                            "Image URL": "https://digitalcontent.api.tesco.com/v2/media/ghs/9e677f11-51f5-43af-9391-5323437742d8/246bfded-b9a1-4824-a39e-0cb5eba71888_1630627662.jpeg?h=225&w=225",
                            "productId": 5549,
                            "store": {
                                "name": "Tesco",
                                "address": "123 Fake Street, Dublin",
                                "image": "assets/storeLogos/tesco.png",
                                "hierarchy": [
                                    "Fresh Food",
                                    "Fresh Meals, Pizza, Pasta & Garlic Bread"
                                ]
                            }
                        },
                        {
                            "Title": "Tesco Double White Cheddar And Relish Sandwich 190G",
                            "Price": "\u20ac3.50",
                            "Promotional Price": "Meal Deal for \u20ac4.49 - Buy Any 1 Pasta Or Wrap Or Sandwich Or Salad Or Sushi & 1 Crisp Or Fruit & 1 Drink",
                            "Price Per": "\u20ac18.42/kg",
                            "Product URL": "https://www.tesco.ie/groceries/en-IE/products/310109957",
                            "Image URL": "https://digitalcontent.api.tesco.com/v2/media/ghs/8578c9c1-b3e5-4e65-89b3-cad11928c767/d212a97f-fd78-4a3d-ac09-410f9254730a_678892619.jpeg?h=225&w=225",
                            "productId": 8975,
                            "store": {
                                "name": "Tesco",
                                "address": "123 Fake Street, Dublin",
                                "image": "assets/storeLogos/tesco.png",
                                "hierarchy": [
                                    "Fresh Food",
                                    "Fresh Meals, Pizza, Pasta & Garlic Bread"
                                ]
                            }
                        },
                        {
                            "Title": "Tesco Finest Parmesan & Mascarpone Sauce 250g",
                            "Price": "\u20ac3.85",
                            "Promotional Price": "Any 2 for \u20ac6 Clubcard Price - Selected Tesco Finest* Pizza Pasta 250g",
                            "Price Per": "\u20ac15.40/kg",
                            "Product URL": "https://www.tesco.ie/groceries/en-IE/products/314695157",
                            "Image URL": "https://digitalcontent.api.tesco.com/v2/media/ghs/fa60d351-e7e0-48ed-b661-e52946a0a6e8/792b2b30-8a7a-47e3-beca-e06f6622da14.jpeg?h=225&w=225",
                            "productId": 1068,
                            "store": {
                                "name": "Tesco",
                                "address": "123 Fake Street, Dublin",
                                "image": "assets/storeLogos/tesco.png",
                                "hierarchy": [
                                    "Fresh Food",
                                    "Fresh Meals, Pizza, Pasta & Garlic Bread"
                                ]
                            }
                        },
                        {
                            "Title": "So Thai Chicken Pad Thai And Noodles 400G",
                            "Price": "\u20ac4.99",
                            "Promotional Price": "",
                            "Price Per": "\u20ac12.48/kg",
                            "Product URL": "https://www.tesco.ie/groceries/en-IE/products/311265084",
                            "Image URL": "https://digitalcontent.api.tesco.com/v2/media/ghs/c161d583-c87e-42d9-83ec-5bcf00b06df5/1aa5ed0e-4dae-4268-967f-64152fc820c4_1916687417.jpeg?h=225&w=225",
                            "productId": 4059,
                            "store": {
                                "name": "Tesco",
                                "address": "123 Fake Street, Dublin",
                                "image": "assets/storeLogos/tesco.png",
                                "hierarchy": [
                                    "Fresh Food",
                                    "Fresh Meals, Pizza, Pasta & Garlic Bread"
                                ]
                            }
                        },
                        {
                            "Title": "Sage Tomato Salsa 220G",
                            "Price": "\u20ac3.99",
                            "Promotional Price": "",
                            "Price Per": "\u20ac18.14/kg",
                            "Product URL": "https://www.tesco.ie/groceries/en-IE/products/312360977",
                            "Image URL": "https://digitalcontent.api.tesco.com/v2/media/ghs-mktg/b0b04216-fa73-466d-a9d7-c9fcfa1ce9b3/no-image.jpeg",
                            "productId": 6596,
                            "store": {
                                "name": "Tesco",
                                "address": "123 Fake Street, Dublin",
                                "image": "assets/storeLogos/tesco.png",
                                "hierarchy": [
                                    "Fresh Food",
                                    "Fresh Meals, Pizza, Pasta & Garlic Bread"
                                ]
                            }
                        }
                    ],
                    "Chilled Desserts": [
                        {
                            "Title": "Galberts Limoncello Twin Pack 2X95g",
                            "Price": "\u20ac3.49",
                            "Promotional Price": "",
                            "Price Per": "\u20ac18.37/kg",
                            "Product URL": "https://www.tesco.ie/groceries/en-IE/products/285549272",
                            "Image URL": "https://digitalcontent.api.tesco.com/v2/media/ghs/0f1132f1-8b78-477e-9e32-483461963822/593d73dd-7649-4183-bd28-099f62c688ac_517832607.jpeg?h=225&w=225",
                            "productId": 9026,
                            "store": {
                                "name": "Tesco",
                                "address": "123 Fake Street, Dublin",
                                "image": "assets/storeLogos/tesco.png",
                                "hierarchy": [
                                    "Fresh Food",
                                    "Chilled Desserts"
                                ]
                            }
                        },
                        {
                            "Title": "Cadbury Heroes Wispa & Dairy Milk Chocolate Desserts 4X75g",
                            "Price": "\u20ac4.89",
                            "Promotional Price": "\u20ac3.69 Clubcard Price",
                            "Price Per": "\u20ac16.30/kg",
                            "Product URL": "https://www.tesco.ie/groceries/en-IE/products/311957360",
                            "Image URL": "https://digitalcontent.api.tesco.com/v2/media/ghs/e327bd38-d460-4457-b426-5ada09a60d4a/be390552-e61b-4c44-b3a1-5e40626f23bd.jpeg?h=225&w=225",
                            "productId": 7761,
                            "store": {
                                "name": "Tesco",
                                "address": "123 Fake Street, Dublin",
                                "image": "assets/storeLogos/tesco.png",
                                "hierarchy": [
                                    "Fresh Food",
                                    "Chilled Desserts"
                                ]
                            }
                        },
                        {
                            "Title": "Dorigin Sicilian Lemon Cheesecake 440G",
                            "Price": "\u20ac6.00",
                            "Promotional Price": "",
                            "Price Per": "\u20ac13.64/kg",
                            "Product URL": "https://www.tesco.ie/groceries/en-IE/products/312716385",
                            "Image URL": "https://digitalcontent.api.tesco.com/v2/media/ghs-mktg/b0b04216-fa73-466d-a9d7-c9fcfa1ce9b3/no-image.jpeg",
                            "productId": 4523,
                            "store": {
                                "name": "Tesco",
                                "address": "123 Fake Street, Dublin",
                                "image": "assets/storeLogos/tesco.png",
                                "hierarchy": [
                                    "Fresh Food",
                                    "Chilled Desserts"
                                ]
                            }
                        },
                        {
                            "Title": "Mul/Rce Strawberry & Original Low Fat Dessert 6X170g",
                            "Price": "\u20ac5.00",
                            "Promotional Price": "",
                            "Price Per": "\u20ac4.90/kg",
                            "Product URL": "https://www.tesco.ie/groceries/en-IE/products/311683850",
                            "Image URL": "https://digitalcontent.api.tesco.com/v2/media/ghs/c449e1aa-cfe7-4c2c-b39f-9945b822c0a4/ff54d9b3-ec12-4ef7-ae7a-22a80e222ffd.jpeg?h=225&w=225",
                            "productId": 8756,
                            "store": {
                                "name": "Tesco",
                                "address": "123 Fake Street, Dublin",
                                "image": "assets/storeLogos/tesco.png",
                                "hierarchy": [
                                    "Fresh Food",
                                    "Chilled Desserts"
                                ]
                            }
                        },
                        {
                            "Title": "Cadbury Heroes Wispa & Dairy Milk Chocolate Desserts 4X75g",
                            "Price": "\u20ac4.89",
                            "Promotional Price": "\u20ac3.69 Clubcard Price",
                            "Price Per": "\u20ac16.30/kg",
                            "Product URL": "https://www.tesco.ie/groceries/en-IE/products/311957360",
                            "Image URL": "https://digitalcontent.api.tesco.com/v2/media/ghs/e327bd38-d460-4457-b426-5ada09a60d4a/be390552-e61b-4c44-b3a1-5e40626f23bd.jpeg?h=225&w=225",
                            "productId": 1671,
                            "store": {
                                "name": "Tesco",
                                "address": "123 Fake Street, Dublin",
                                "image": "assets/storeLogos/tesco.png",
                                "hierarchy": [
                                    "Fresh Food",
                                    "Chilled Desserts"
                                ]
                            }
                        },
                        {
                            "Title": "Aero Chocolate Caramel Mousse 4 X 58G",
                            "Price": "\u20ac2.59",
                            "Promotional Price": "",
                            "Price Per": "\u20ac11.16/kg",
                            "Product URL": "https://www.tesco.ie/groceries/en-IE/products/311936448",
                            "Image URL": "https://digitalcontent.api.tesco.com/v2/media/ghs/3052d7ad-7952-4a93-9d5d-e1a532ac496f/db41cd66-d788-4d05-95fd-c805d0ead612_1736680997.jpeg?h=225&w=225",
                            "productId": 4779,
                            "store": {
                                "name": "Tesco",
                                "address": "123 Fake Street, Dublin",
                                "image": "assets/storeLogos/tesco.png",
                                "hierarchy": [
                                    "Fresh Food",
                                    "Chilled Desserts"
                                ]
                            }
                        },
                        {
                            "Title": "Couverture Desserts Cappuccino Cake 680G",
                            "Price": "\u20ac9.15",
                            "Promotional Price": "",
                            "Price Per": "\u20ac13.46/kg",
                            "Product URL": "https://www.tesco.ie/groceries/en-IE/products/309207599",
                            "Image URL": "https://digitalcontent.api.tesco.com/v2/media/ghs/22fa28df-9444-41b6-9f61-f1d7f5ec36b2/snapshotimagehandler_387557326.jpeg?h=225&w=225",
                            "productId": 4184,
                            "store": {
                                "name": "Tesco",
                                "address": "123 Fake Street, Dublin",
                                "image": "assets/storeLogos/tesco.png",
                                "hierarchy": [
                                    "Fresh Food",
                                    "Chilled Desserts"
                                ]
                            }
                        },
                        {
                            "Title": "Tesco Finest All Buttermini Tartlets 9S 90G",
                            "Price": "\u20ac3.70",
                            "Promotional Price": "",
                            "Price Per": "\u20ac41.11/kg",
                            "Product URL": "https://www.tesco.ie/groceries/en-IE/products/275969515",
                            "Image URL": "https://digitalcontent.api.tesco.com/v2/media/ghs/af44084a-29b8-4b97-84a6-6b4ee91e00ab/246a8e8f-1ea8-451d-b732-9ddbd371cf1c_973433442.jpeg?h=225&w=225",
                            "productId": 9125,
                            "store": {
                                "name": "Tesco",
                                "address": "123 Fake Street, Dublin",
                                "image": "assets/storeLogos/tesco.png",
                                "hierarchy": [
                                    "Fresh Food",
                                    "Chilled Desserts"
                                ]
                            }
                        },
                        {
                            "Title": "Couverture Desserts Cappuccino Cake 680G",
                            "Price": "\u20ac9.15",
                            "Promotional Price": "",
                            "Price Per": "\u20ac13.46/kg",
                            "Product URL": "https://www.tesco.ie/groceries/en-IE/products/309207599",
                            "Image URL": "https://digitalcontent.api.tesco.com/v2/media/ghs/22fa28df-9444-41b6-9f61-f1d7f5ec36b2/snapshotimagehandler_387557326.jpeg?h=225&w=225",
                            "productId": 9183,
                            "store": {
                                "name": "Tesco",
                                "address": "123 Fake Street, Dublin",
                                "image": "assets/storeLogos/tesco.png",
                                "hierarchy": [
                                    "Fresh Food",
                                    "Chilled Desserts"
                                ]
                            }
                        },
                        {
                            "Title": "Gu Strawberry & Clotted Cream Cheesecake 2X87g",
                            "Price": "\u20ac4.50",
                            "Promotional Price": "",
                            "Price Per": "\u20ac25.86/kg",
                            "Product URL": "https://www.tesco.ie/groceries/en-IE/products/306659609",
                            "Image URL": "https://digitalcontent.api.tesco.com/v2/media/ghs/f90e2ec7-81e5-455d-b993-e48b066d981f/3d94413a-3c6c-423f-bd31-30f7829e4136.jpeg?h=225&w=225",
                            "productId": 3906,
                            "store": {
                                "name": "Tesco",
                                "address": "123 Fake Street, Dublin",
                                "image": "assets/storeLogos/tesco.png",
                                "hierarchy": [
                                    "Fresh Food",
                                    "Chilled Desserts"
                                ]
                            }
                        }
                    ],
                    "Flowers": [
                        {
                            "Title": "Tesco Irish Grown Daffodils",
                            "Price": "\u20ac1.39",
                            "Promotional Price": "2 for \u20ac2.20 Clubcard Price - Buy Tesco Irish Grown Daffodils",
                            "Price Per": "\u20ac1.39/each",
                            "Product URL": "https://www.tesco.ie/groceries/en-IE/products/295685941",
                            "Image URL": "https://digitalcontent.api.tesco.com/v2/media/ghs/e208429a-7e64-40b5-a888-837b503fa52b/snapshotimagehandler_1468290622.jpeg?h=225&w=225",
                            "productId": 2659,
                            "store": {
                                "name": "Tesco",
                                "address": "123 Fake Street, Dublin",
                                "image": "assets/storeLogos/tesco.png",
                                "hierarchy": [
                                    "Fresh Food",
                                    "Flowers"
                                ]
                            }
                        },
                        {
                            "Title": "Tesco Irish Grown Daffodils",
                            "Price": "\u20ac1.39",
                            "Promotional Price": "2 for \u20ac2.20 Clubcard Price - Buy Tesco Irish Grown Daffodils",
                            "Price Per": "\u20ac1.39/each",
                            "Product URL": "https://www.tesco.ie/groceries/en-IE/products/295685941",
                            "Image URL": "https://digitalcontent.api.tesco.com/v2/media/ghs/e208429a-7e64-40b5-a888-837b503fa52b/snapshotimagehandler_1468290622.jpeg?h=225&w=225",
                            "productId": 4241,
                            "store": {
                                "name": "Tesco",
                                "address": "123 Fake Street, Dublin",
                                "image": "assets/storeLogos/tesco.png",
                                "hierarchy": [
                                    "Fresh Food",
                                    "Flowers"
                                ]
                            }
                        },
                        {
                            "Title": "Tesco Irish Grown Daffodils",
                            "Price": "\u20ac1.39",
                            "Promotional Price": "2 for \u20ac2.20 Clubcard Price - Buy Tesco Irish Grown Daffodils",
                            "Price Per": "\u20ac1.39/each",
                            "Product URL": "https://www.tesco.ie/groceries/en-IE/products/295685941",
                            "Image URL": "https://digitalcontent.api.tesco.com/v2/media/ghs/e208429a-7e64-40b5-a888-837b503fa52b/snapshotimagehandler_1468290622.jpeg?h=225&w=225",
                            "productId": 7768,
                            "store": {
                                "name": "Tesco",
                                "address": "123 Fake Street, Dublin",
                                "image": "assets/storeLogos/tesco.png",
                                "hierarchy": [
                                    "Fresh Food",
                                    "Flowers"
                                ]
                            }
                        }
                    ],
                    "Cheese": [
                        {
                            "Title": "Old Irish Crmey Cheese Sage Cheddar 150G",
                            "Price": "\u20ac4.00",
                            "Promotional Price": "Any 3 for \u20ac10 Clubcard Price - Selected Cheese Products",
                            "Price Per": "\u20ac26.67/kg",
                            "Product URL": "https://www.tesco.ie/groceries/en-IE/products/312854217",
                            "Image URL": "https://digitalcontent.api.tesco.com/v2/media/ghs-mktg/b0b04216-fa73-466d-a9d7-c9fcfa1ce9b3/no-image.jpeg",
                            "productId": 4585,
                            "store": {
                                "name": "Tesco",
                                "address": "123 Fake Street, Dublin",
                                "image": "assets/storeLogos/tesco.png",
                                "hierarchy": [
                                    "Fresh Food",
                                    "Cheese"
                                ]
                            }
                        },
                        {
                            "Title": "Argiolas Grated Pecorino Romano Dop 80G",
                            "Price": "\u20ac2.39",
                            "Promotional Price": "",
                            "Price Per": "\u20ac29.88/kg",
                            "Product URL": "https://www.tesco.ie/groceries/en-IE/products/310112797",
                            "Image URL": "https://digitalcontent.api.tesco.com/v2/media/ghs/4f5bf5d3-fe5c-4696-91c1-552fcd73b2fe/f1ce7f94-2b46-46be-be51-9746c1e9b76b_279756901.jpeg?h=225&w=225",
                            "productId": 5490,
                            "store": {
                                "name": "Tesco",
                                "address": "123 Fake Street, Dublin",
                                "image": "assets/storeLogos/tesco.png",
                                "hierarchy": [
                                    "Fresh Food",
                                    "Cheese"
                                ]
                            }
                        },
                        {
                            "Title": "Old Irish Crmey Cheese Sage Cheddar 150G",
                            "Price": "\u20ac4.00",
                            "Promotional Price": "Any 3 for \u20ac10 Clubcard Price - Selected Cheese Products",
                            "Price Per": "\u20ac26.67/kg",
                            "Product URL": "https://www.tesco.ie/groceries/en-IE/products/312854217",
                            "Image URL": "https://digitalcontent.api.tesco.com/v2/media/ghs-mktg/b0b04216-fa73-466d-a9d7-c9fcfa1ce9b3/no-image.jpeg",
                            "productId": 1311,
                            "store": {
                                "name": "Tesco",
                                "address": "123 Fake Street, Dublin",
                                "image": "assets/storeLogos/tesco.png",
                                "hierarchy": [
                                    "Fresh Food",
                                    "Cheese"
                                ]
                            }
                        },
                        {
                            "Title": "Baking Cooleen In Ceramic Dis 200G",
                            "Price": "\u20ac4.49",
                            "Promotional Price": "",
                            "Price Per": "\u20ac22.45/kg",
                            "Product URL": "https://www.tesco.ie/groceries/en-IE/products/281446958",
                            "Image URL": "https://digitalcontent.api.tesco.com/v2/media/ghs-mktg/b0b04216-fa73-466d-a9d7-c9fcfa1ce9b3/no-image.jpeg",
                            "productId": 3903,
                            "store": {
                                "name": "Tesco",
                                "address": "123 Fake Street, Dublin",
                                "image": "assets/storeLogos/tesco.png",
                                "hierarchy": [
                                    "Fresh Food",
                                    "Cheese"
                                ]
                            }
                        },
                        {
                            "Title": "D/Lea Snackers Cheese And Crackers Mini Fingers 67.5G",
                            "Price": "\u20ac2.25",
                            "Promotional Price": "Any 3 for \u20ac5 Clubcard Price - Selected Cheese Or Fresh Soup Or Meat Or Yogurt & Desserts",
                            "Price Per": "\u20ac33.33/kg",
                            "Product URL": "https://www.tesco.ie/groceries/en-IE/products/309183799",
                            "Image URL": "https://digitalcontent.api.tesco.com/v2/media/ghs/dd8bea21-789b-4b22-bce5-7ffdf1efeded/f74e8214-4f7c-4fd2-a031-e645b663d1fe_845980215.jpeg?h=225&w=225",
                            "productId": 7675,
                            "store": {
                                "name": "Tesco",
                                "address": "123 Fake Street, Dublin",
                                "image": "assets/storeLogos/tesco.png",
                                "hierarchy": [
                                    "Fresh Food",
                                    "Cheese"
                                ]
                            }
                        },
                        {
                            "Title": "Mature Sliced Irish Coloured Cheddar 180G",
                            "Price": "\u20ac3.19",
                            "Promotional Price": "",
                            "Price Per": "\u20ac17.72/kg",
                            "Product URL": "https://www.tesco.ie/groceries/en-IE/products/282796109",
                            "Image URL": "https://digitalcontent.api.tesco.com/v2/media/ghs/358d3fe6-5cce-4b76-be19-f28c0439dd5d/734f6b14-d33a-49fe-9188-7f6525f33d75_1732408678.jpeg?h=225&w=225",
                            "productId": 5293,
                            "store": {
                                "name": "Tesco",
                                "address": "123 Fake Street, Dublin",
                                "image": "assets/storeLogos/tesco.png",
                                "hierarchy": [
                                    "Fresh Food",
                                    "Cheese"
                                ]
                            }
                        },
                        {
                            "Title": "Argiolas Grated Pecorino Romano Dop 80G",
                            "Price": "\u20ac2.39",
                            "Promotional Price": "",
                            "Price Per": "\u20ac29.88/kg",
                            "Product URL": "https://www.tesco.ie/groceries/en-IE/products/310112797",
                            "Image URL": "https://digitalcontent.api.tesco.com/v2/media/ghs/4f5bf5d3-fe5c-4696-91c1-552fcd73b2fe/f1ce7f94-2b46-46be-be51-9746c1e9b76b_279756901.jpeg?h=225&w=225",
                            "productId": 6003,
                            "store": {
                                "name": "Tesco",
                                "address": "123 Fake Street, Dublin",
                                "image": "assets/storeLogos/tesco.png",
                                "hierarchy": [
                                    "Fresh Food",
                                    "Cheese"
                                ]
                            }
                        },
                        {
                            "Title": "Philadelphia Garlic & Herbs Soft Cream Cheese 280G",
                            "Price": "\u20ac4.00",
                            "Promotional Price": "",
                            "Price Per": "\u20ac14.29/kg",
                            "Product URL": "https://www.tesco.ie/groceries/en-IE/products/311795585",
                            "Image URL": "https://digitalcontent.api.tesco.com/v2/media/ghs/d675fa8a-0c8b-4455-8985-583a423522d3/bc6530f1-e41f-421d-af65-ee48bed7f7f1_931566998.jpeg?h=225&w=225",
                            "productId": 2849,
                            "store": {
                                "name": "Tesco",
                                "address": "123 Fake Street, Dublin",
                                "image": "assets/storeLogos/tesco.png",
                                "hierarchy": [
                                    "Fresh Food",
                                    "Cheese"
                                ]
                            }
                        }
                    ],
                    "Salads & Dips": [
                        {
                            "Title": "Tesco Chicken And Bacon Caesar Salad 187G",
                            "Price": "Currently out of stock",
                            "Promotional Price": "",
                            "Price Per": "",
                            "Product URL": "https://www.tesco.ie/groceries/en-IE/products/283273030",
                            "Image URL": "https://digitalcontent.api.tesco.com/v2/media/ghs/ad060dd6-37bc-424d-80d6-cd3d58e389f3/snapshotimagehandler_1303949689.jpeg?h=225&w=225",
                            "productId": 7905,
                            "store": {
                                "name": "Tesco",
                                "address": "123 Fake Street, Dublin",
                                "image": "assets/storeLogos/tesco.png",
                                "hierarchy": [
                                    "Fresh Food",
                                    "Salads & Dips"
                                ]
                            }
                        },
                        {
                            "Title": "Tesco Chicken And Bacon Caesar Salad 187G",
                            "Price": "Currently out of stock",
                            "Promotional Price": "",
                            "Price Per": "",
                            "Product URL": "https://www.tesco.ie/groceries/en-IE/products/283273030",
                            "Image URL": "https://digitalcontent.api.tesco.com/v2/media/ghs/ad060dd6-37bc-424d-80d6-cd3d58e389f3/snapshotimagehandler_1303949689.jpeg?h=225&w=225",
                            "productId": 9056,
                            "store": {
                                "name": "Tesco",
                                "address": "123 Fake Street, Dublin",
                                "image": "assets/storeLogos/tesco.png",
                                "hierarchy": [
                                    "Fresh Food",
                                    "Salads & Dips"
                                ]
                            }
                        },
                        {
                            "Title": "Schwartz Onion Salt 65G",
                            "Price": "\u20ac3.05",
                            "Promotional Price": "",
                            "Price Per": "\u20ac46.92/kg",
                            "Product URL": "https://www.tesco.ie/groceries/en-IE/products/254764121",
                            "Image URL": "https://digitalcontent.api.tesco.com/v2/media/ghs/706374ae-25ec-4216-883a-05faacf68577/80fe9c20-3eb1-4416-9757-c271a4ace374_107496252.jpeg?h=225&w=225",
                            "productId": 4676,
                            "store": {
                                "name": "Tesco",
                                "address": "123 Fake Street, Dublin",
                                "image": "assets/storeLogos/tesco.png",
                                "hierarchy": [
                                    "Fresh Food",
                                    "Salads & Dips"
                                ]
                            }
                        },
                        {
                            "Title": "Total Organics Organic Vegetable Celery 300G",
                            "Price": "\u20ac2.05",
                            "Promotional Price": "",
                            "Price Per": "\u20ac6.83/kg",
                            "Product URL": "https://www.tesco.ie/groceries/en-IE/products/308465829",
                            "Image URL": "https://digitalcontent.api.tesco.com/v2/media/ghs/d61c95db-df75-48da-b1e1-b225f298eeba/snapshotimagehandler_1414576171.jpeg?h=225&w=225",
                            "productId": 4164,
                            "store": {
                                "name": "Tesco",
                                "address": "123 Fake Street, Dublin",
                                "image": "assets/storeLogos/tesco.png",
                                "hierarchy": [
                                    "Fresh Food",
                                    "Salads & Dips"
                                ]
                            }
                        },
                        {
                            "Title": "Tesco Caesar Slaw 250G",
                            "Price": "\u20ac2.39",
                            "Promotional Price": "",
                            "Price Per": "\u20ac9.56/kg",
                            "Product URL": "https://www.tesco.ie/groceries/en-IE/products/313849928",
                            "Image URL": "https://digitalcontent.api.tesco.com/v2/media/ghs/c1c8ff98-74e6-4d8d-a620-b9e901a7fab8/4a4399d1-9318-4050-8b3a-3623990c6fb6_291849037.jpeg?h=225&w=225",
                            "productId": 6997,
                            "store": {
                                "name": "Tesco",
                                "address": "123 Fake Street, Dublin",
                                "image": "assets/storeLogos/tesco.png",
                                "hierarchy": [
                                    "Fresh Food",
                                    "Salads & Dips"
                                ]
                            }
                        },
                        {
                            "Title": "Donnelly Fresh Chicken Korma Deli Filler 200G",
                            "Price": "\u20ac2.79",
                            "Promotional Price": "\u20ac2.00 Clubcard Price",
                            "Price Per": "\u20ac13.95/kg",
                            "Product URL": "https://www.tesco.ie/groceries/en-IE/products/315464838",
                            "Image URL": "https://digitalcontent.api.tesco.com/v2/media/ghs/b72bcd73-d7d5-4b23-a9fb-1a58c9ed56e3/5a9df29b-bac6-4f4e-96cd-121c623b1ba7_2003894099.jpeg?h=225&w=225",
                            "productId": 2016,
                            "store": {
                                "name": "Tesco",
                                "address": "123 Fake Street, Dublin",
                                "image": "assets/storeLogos/tesco.png",
                                "hierarchy": [
                                    "Fresh Food",
                                    "Salads & Dips"
                                ]
                            }
                        },
                        {
                            "Title": "Total Organics Organic Pointed Peppers 2 Pack",
                            "Price": "\u20ac2.69",
                            "Promotional Price": "",
                            "Price Per": "\u20ac1.34/each",
                            "Product URL": "https://www.tesco.ie/groceries/en-IE/products/306801926",
                            "Image URL": "https://digitalcontent.api.tesco.com/v2/media/ghs/7a0bacc0-c099-4efb-933e-e198485a1469/snapshotimagehandler_991321716.jpeg?h=225&w=225",
                            "productId": 6775,
                            "store": {
                                "name": "Tesco",
                                "address": "123 Fake Street, Dublin",
                                "image": "assets/storeLogos/tesco.png",
                                "hierarchy": [
                                    "Fresh Food",
                                    "Salads & Dips"
                                ]
                            }
                        },
                        {
                            "Title": "Pestle Plus Mortar Caramelised Onion Houmous 200G",
                            "Price": "\u20ac2.99",
                            "Promotional Price": "",
                            "Price Per": "\u20ac14.95/kg",
                            "Product URL": "https://www.tesco.ie/groceries/en-IE/products/312354991",
                            "Image URL": "https://digitalcontent.api.tesco.com/v2/media/ghs/69924605-fa63-40d0-879b-cc230a773d7e/0a8e3274-e585-4fbb-b9c1-ea9355afa7b2_1836084377.jpeg?h=225&w=225",
                            "productId": 1817,
                            "store": {
                                "name": "Tesco",
                                "address": "123 Fake Street, Dublin",
                                "image": "assets/storeLogos/tesco.png",
                                "hierarchy": [
                                    "Fresh Food",
                                    "Salads & Dips"
                                ]
                            }
                        }
                    ],
                    "Stuffing & Accompaniments": [
                        {
                            "Title": "Insanely Good Apple Sauce 100g",
                            "Price": "\u20ac1.50",
                            "Promotional Price": "Any 2 for \u20ac2 Clubcard Price - Selected Insanely Good Sauce 100g",
                            "Price Per": "\u20ac15.00/kg",
                            "Product URL": "https://www.tesco.ie/groceries/en-IE/products/315164067",
                            "Image URL": "https://digitalcontent.api.tesco.com/v2/media/ghs/849bde84-429e-41e0-a6c2-5f7624a47ac2/542fb8d6-eea6-419a-8bd0-f7ca75c6f669_982419744.jpeg?h=225&w=225",
                            "productId": 3390,
                            "store": {
                                "name": "Tesco",
                                "address": "123 Fake Street, Dublin",
                                "image": "assets/storeLogos/tesco.png",
                                "hierarchy": [
                                    "Fresh Food",
                                    "Stuffing & Accompaniments"
                                ]
                            }
                        },
                        {
                            "Title": "Silver Hill Food Duck Fat 180G",
                            "Price": "\u20ac2.99",
                            "Promotional Price": "",
                            "Price Per": "\u20ac16.61/kg",
                            "Product URL": "https://www.tesco.ie/groceries/en-IE/products/299585166",
                            "Image URL": "https://digitalcontent.api.tesco.com/v2/media/ghs/5d0f1dd8-88fe-4caf-8774-ef04725ff0f5/9c20a443-1be7-4ef3-9721-20035e340140_1321860758.jpeg?h=225&w=225",
                            "productId": 9346,
                            "store": {
                                "name": "Tesco",
                                "address": "123 Fake Street, Dublin",
                                "image": "assets/storeLogos/tesco.png",
                                "hierarchy": [
                                    "Fresh Food",
                                    "Stuffing & Accompaniments"
                                ]
                            }
                        },
                        {
                            "Title": "M And M Fresh Bread Crumbs 200G",
                            "Price": "\u20ac1.50",
                            "Promotional Price": "",
                            "Price Per": "\u20ac7.50/kg",
                            "Product URL": "https://www.tesco.ie/groceries/en-IE/products/266176846",
                            "Image URL": "https://digitalcontent.api.tesco.com/v2/media/ghs/083d7d3c-a8e7-4572-b1f4-143d9cde18b6/snapshotimagehandler_449434939.jpeg?h=225&w=225",
                            "productId": 3115,
                            "store": {
                                "name": "Tesco",
                                "address": "123 Fake Street, Dublin",
                                "image": "assets/storeLogos/tesco.png",
                                "hierarchy": [
                                    "Fresh Food",
                                    "Stuffing & Accompaniments"
                                ]
                            }
                        },
                        {
                            "Title": "Tesco Garlic And Herb Stuffing 250G",
                            "Price": "\u20ac2.70",
                            "Promotional Price": "",
                            "Price Per": "\u20ac10.80/kg",
                            "Product URL": "https://www.tesco.ie/groceries/en-IE/products/291369723",
                            "Image URL": "https://digitalcontent.api.tesco.com/v2/media/ghs/ff1205e0-864f-4b66-a05e-4dc5a13f4439/snapshotimagehandler_1174761100.jpeg?h=225&w=225",
                            "productId": 9328,
                            "store": {
                                "name": "Tesco",
                                "address": "123 Fake Street, Dublin",
                                "image": "assets/storeLogos/tesco.png",
                                "hierarchy": [
                                    "Fresh Food",
                                    "Stuffing & Accompaniments"
                                ]
                            }
                        },
                        {
                            "Title": "M And M Fresh Bread Crumbs 200G",
                            "Price": "\u20ac1.50",
                            "Promotional Price": "",
                            "Price Per": "\u20ac7.50/kg",
                            "Product URL": "https://www.tesco.ie/groceries/en-IE/products/266176846",
                            "Image URL": "https://digitalcontent.api.tesco.com/v2/media/ghs/083d7d3c-a8e7-4572-b1f4-143d9cde18b6/snapshotimagehandler_449434939.jpeg?h=225&w=225",
                            "productId": 1428,
                            "store": {
                                "name": "Tesco",
                                "address": "123 Fake Street, Dublin",
                                "image": "assets/storeLogos/tesco.png",
                                "hierarchy": [
                                    "Fresh Food",
                                    "Stuffing & Accompaniments"
                                ]
                            }
                        },
                        {
                            "Title": "Insanely Good Apple Sauce 100g",
                            "Price": "\u20ac1.50",
                            "Promotional Price": "Any 2 for \u20ac2 Clubcard Price - Selected Insanely Good Sauce 100g",
                            "Price Per": "\u20ac15.00/kg",
                            "Product URL": "https://www.tesco.ie/groceries/en-IE/products/315164067",
                            "Image URL": "https://digitalcontent.api.tesco.com/v2/media/ghs/849bde84-429e-41e0-a6c2-5f7624a47ac2/542fb8d6-eea6-419a-8bd0-f7ca75c6f669_982419744.jpeg?h=225&w=225",
                            "productId": 6765,
                            "store": {
                                "name": "Tesco",
                                "address": "123 Fake Street, Dublin",
                                "image": "assets/storeLogos/tesco.png",
                                "hierarchy": [
                                    "Fresh Food",
                                    "Stuffing & Accompaniments"
                                ]
                            }
                        },
                        {
                            "Title": "Insanely Good Apple Sauce 100g",
                            "Price": "\u20ac1.50",
                            "Promotional Price": "Any 2 for \u20ac2 Clubcard Price - Selected Insanely Good Sauce 100g",
                            "Price Per": "\u20ac15.00/kg",
                            "Product URL": "https://www.tesco.ie/groceries/en-IE/products/315164067",
                            "Image URL": "https://digitalcontent.api.tesco.com/v2/media/ghs/849bde84-429e-41e0-a6c2-5f7624a47ac2/542fb8d6-eea6-419a-8bd0-f7ca75c6f669_982419744.jpeg?h=225&w=225",
                            "productId": 1826,
                            "store": {
                                "name": "Tesco",
                                "address": "123 Fake Street, Dublin",
                                "image": "assets/storeLogos/tesco.png",
                                "hierarchy": [
                                    "Fresh Food",
                                    "Stuffing & Accompaniments"
                                ]
                            }
                        }
                    ],
                    "Cooked Meat": [
                        {
                            "Title": "Denny Ham And Cheese Pannini 166G",
                            "Price": "\u20ac2.50",
                            "Promotional Price": "COFFEE Meal Deal for \u20ac3 - Buy Tesco Smokin Bean Regular Coffee & Any 1 Tesco Scone, Kit Kat Csine De France Or Denny Products",
                            "Price Per": "\u20ac15.06/kg",
                            "Product URL": "https://www.tesco.ie/groceries/en-IE/products/310651446",
                            "Image URL": "https://digitalcontent.api.tesco.com/v2/media/ghs-mktg/b0b04216-fa73-466d-a9d7-c9fcfa1ce9b3/no-image.jpeg",
                            "productId": 6160,
                            "store": {
                                "name": "Tesco",
                                "address": "123 Fake Street, Dublin",
                                "image": "assets/storeLogos/tesco.png",
                                "hierarchy": [
                                    "Fresh Food",
                                    "Cooked Meat"
                                ]
                            }
                        },
                        {
                            "Title": "Morliny Szynka Ham Slices 250G",
                            "Price": "\u20ac4.35",
                            "Promotional Price": "",
                            "Price Per": "\u20ac17.40/kg",
                            "Product URL": "https://www.tesco.ie/groceries/en-IE/products/302353742",
                            "Image URL": "https://digitalcontent.api.tesco.com/v2/media/ghs/5eacdaa2-80b5-4d66-a654-c313167a9467/1b235bd3-696a-4b43-91c6-ae8bfd9b7b23_744275131.jpeg?h=225&w=225",
                            "productId": 2492,
                            "store": {
                                "name": "Tesco",
                                "address": "123 Fake Street, Dublin",
                                "image": "assets/storeLogos/tesco.png",
                                "hierarchy": [
                                    "Fresh Food",
                                    "Cooked Meat"
                                ]
                            }
                        },
                        {
                            "Title": "Green Farm Turkey Breast With Pepper And Garlic Seasoning 90G",
                            "Price": "\u20ac3.29",
                            "Promotional Price": "\u20ac2.50 Clubcard Price",
                            "Price Per": "\u20ac36.56/kg",
                            "Product URL": "https://www.tesco.ie/groceries/en-IE/products/313838728",
                            "Image URL": "https://digitalcontent.api.tesco.com/v2/media/ghs/8234c293-00fd-462f-b37f-d743412d1176/c0cd0d92-d177-4274-b133-8c923a08290a_2030411744.jpeg?h=225&w=225",
                            "productId": 3315,
                            "store": {
                                "name": "Tesco",
                                "address": "123 Fake Street, Dublin",
                                "image": "assets/storeLogos/tesco.png",
                                "hierarchy": [
                                    "Fresh Food",
                                    "Cooked Meat"
                                ]
                            }
                        },
                        {
                            "Title": "Peperami Hot 5x20g",
                            "Price": "\u20ac3.33",
                            "Promotional Price": "Any 3 for \u20ac5 Clubcard Price - Selected Cheese Or Fresh Soup Or Meat Or Yogurt & Desserts",
                            "Price Per": "\u20ac33.30/kg",
                            "Product URL": "https://www.tesco.ie/groceries/en-IE/products/315072789",
                            "Image URL": "https://digitalcontent.api.tesco.com/v2/media/ghs/157cfb26-2d66-44ed-b022-5b36186bfb36/f1405059-6f13-4e24-a8ea-1a2f34d875f7_861120706.jpeg?h=225&w=225",
                            "productId": 4679,
                            "store": {
                                "name": "Tesco",
                                "address": "123 Fake Street, Dublin",
                                "image": "assets/storeLogos/tesco.png",
                                "hierarchy": [
                                    "Fresh Food",
                                    "Cooked Meat"
                                ]
                            }
                        },
                        {
                            "Title": "Denny Deli Traditional Irish Ham Slices 130G",
                            "Price": "\u20ac4.00",
                            "Promotional Price": "",
                            "Price Per": "\u20ac30.77/kg",
                            "Product URL": "https://www.tesco.ie/groceries/en-IE/products/306663674",
                            "Image URL": "https://digitalcontent.api.tesco.com/v2/media/ghs/d402d778-b39a-4b64-9cba-42a9d3eee840/388ce712-5771-497f-a8cc-8ca338281242_1336746192.jpeg?h=225&w=225",
                            "productId": 7560,
                            "store": {
                                "name": "Tesco",
                                "address": "123 Fake Street, Dublin",
                                "image": "assets/storeLogos/tesco.png",
                                "hierarchy": [
                                    "Fresh Food",
                                    "Cooked Meat"
                                ]
                            }
                        },
                        {
                            "Title": "Tesco Finest Irish Angus Beef With Garlic And Herbs 100G",
                            "Price": "\u20ac3.15",
                            "Promotional Price": "Any 2 for \u20ac5.50 Clubcard Price - Selected Tesco Finest* Ham, Chicken Or Beef 100g - 140g",
                            "Price Per": "\u20ac31.50/kg",
                            "Product URL": "https://www.tesco.ie/groceries/en-IE/products/314932237",
                            "Image URL": "https://digitalcontent.api.tesco.com/v2/media/ghs/8cfd95df-7485-418b-8b27-64701633c3cd/4f7bf548-9cb6-4d8f-8a22-9b5edc799322_1555312257.jpeg?h=225&w=225",
                            "productId": 8383,
                            "store": {
                                "name": "Tesco",
                                "address": "123 Fake Street, Dublin",
                                "image": "assets/storeLogos/tesco.png",
                                "hierarchy": [
                                    "Fresh Food",
                                    "Cooked Meat"
                                ]
                            }
                        },
                        {
                            "Title": "Tesco Finest Irish Angus Beef With Garlic And Herbs 100G",
                            "Price": "\u20ac3.15",
                            "Promotional Price": "Any 2 for \u20ac5.50 Clubcard Price - Selected Tesco Finest* Ham, Chicken Or Beef 100g - 140g",
                            "Price Per": "\u20ac31.50/kg",
                            "Product URL": "https://www.tesco.ie/groceries/en-IE/products/314932237",
                            "Image URL": "https://digitalcontent.api.tesco.com/v2/media/ghs/8cfd95df-7485-418b-8b27-64701633c3cd/4f7bf548-9cb6-4d8f-8a22-9b5edc799322_1555312257.jpeg?h=225&w=225",
                            "productId": 5015,
                            "store": {
                                "name": "Tesco",
                                "address": "123 Fake Street, Dublin",
                                "image": "assets/storeLogos/tesco.png",
                                "hierarchy": [
                                    "Fresh Food",
                                    "Cooked Meat"
                                ]
                            }
                        },
                        {
                            "Title": "Denny Ham And Cheese Pannini 166G",
                            "Price": "\u20ac2.50",
                            "Promotional Price": "COFFEE Meal Deal for \u20ac3 - Buy Tesco Smokin Bean Regular Coffee & Any 1 Tesco Scone, Kit Kat Csine De France Or Denny Products",
                            "Price Per": "\u20ac15.06/kg",
                            "Product URL": "https://www.tesco.ie/groceries/en-IE/products/310651446",
                            "Image URL": "https://digitalcontent.api.tesco.com/v2/media/ghs-mktg/b0b04216-fa73-466d-a9d7-c9fcfa1ce9b3/no-image.jpeg",
                            "productId": 7953,
                            "store": {
                                "name": "Tesco",
                                "address": "123 Fake Street, Dublin",
                                "image": "assets/storeLogos/tesco.png",
                                "hierarchy": [
                                    "Fresh Food",
                                    "Cooked Meat"
                                ]
                            }
                        },
                        {
                            "Title": "Henry Denny And Sons Carved Irish Ham 210G",
                            "Price": "\u20ac4.00",
                            "Promotional Price": "",
                            "Price Per": "\u20ac19.05/kg",
                            "Product URL": "https://www.tesco.ie/groceries/en-IE/products/313959320",
                            "Image URL": "https://digitalcontent.api.tesco.com/v2/media/ghs/87c46789-ab85-457c-80cb-9e155ee3fbbc/4402925f-cd10-427e-a357-8f939556a51c_663161283.jpeg?h=225&w=225",
                            "productId": 9936,
                            "store": {
                                "name": "Tesco",
                                "address": "123 Fake Street, Dublin",
                                "image": "assets/storeLogos/tesco.png",
                                "hierarchy": [
                                    "Fresh Food",
                                    "Cooked Meat"
                                ]
                            }
                        }
                    ],
                    "Chilled Fish & Sea Food": [
                        {
                            "Title": "Tesco 2 Cod Fillets With Lem, Black Pepper And Dill 250G",
                            "Price": "\u20ac4.50",
                            "Promotional Price": "",
                            "Price Per": "\u20ac18.00/kg",
                            "Product URL": "https://www.tesco.ie/groceries/en-IE/products/310119058",
                            "Image URL": "https://digitalcontent.api.tesco.com/v2/media/ghs/984fc88b-f141-47a5-bd85-246b84ea9793/b245fea1-ef57-4893-9e1c-08838875a522_1853246813.jpeg?h=225&w=225",
                            "productId": 4912,
                            "store": {
                                "name": "Tesco",
                                "address": "123 Fake Street, Dublin",
                                "image": "assets/storeLogos/tesco.png",
                                "hierarchy": [
                                    "Fresh Food",
                                    "Chilled Fish & Sea Food"
                                ]
                            }
                        },
                        {
                            "Title": "Tesco Smoked Cod 250G",
                            "Price": "\u20ac4.49",
                            "Promotional Price": "",
                            "Price Per": "\u20ac17.96/kg",
                            "Product URL": "https://www.tesco.ie/groceries/en-IE/products/294292134",
                            "Image URL": "https://digitalcontent.api.tesco.com/v2/media/ghs/d6b1a447-bc93-4cc0-9385-5685d0f90341/snapshotimagehandler_29052302.jpeg?h=225&w=225",
                            "productId": 4103,
                            "store": {
                                "name": "Tesco",
                                "address": "123 Fake Street, Dublin",
                                "image": "assets/storeLogos/tesco.png",
                                "hierarchy": [
                                    "Fresh Food",
                                    "Chilled Fish & Sea Food"
                                ]
                            }
                        },
                        {
                            "Title": "Good's Of Cork Cod Fillet With Salsa Verde 250G",
                            "Price": "\u20ac4.70",
                            "Promotional Price": "\u20ac4.20 Clubcard Price",
                            "Price Per": "\u20ac18.80/kg",
                            "Product URL": "https://www.tesco.ie/groceries/en-IE/products/310191007",
                            "Image URL": "https://digitalcontent.api.tesco.com/v2/media/ghs/f9309809-92a2-4ea1-94a2-98ca198569d2/93472741-91dc-42b7-8622-611bd4e2f6fd_2080246150.jpeg?h=225&w=225",
                            "productId": 6412,
                            "store": {
                                "name": "Tesco",
                                "address": "123 Fake Street, Dublin",
                                "image": "assets/storeLogos/tesco.png",
                                "hierarchy": [
                                    "Fresh Food",
                                    "Chilled Fish & Sea Food"
                                ]
                            }
                        },
                        {
                            "Title": "Tesco 2 Cod Fillets With Lem, Black Pepper And Dill 250G",
                            "Price": "\u20ac4.50",
                            "Promotional Price": "",
                            "Price Per": "\u20ac18.00/kg",
                            "Product URL": "https://www.tesco.ie/groceries/en-IE/products/310119058",
                            "Image URL": "https://digitalcontent.api.tesco.com/v2/media/ghs/984fc88b-f141-47a5-bd85-246b84ea9793/b245fea1-ef57-4893-9e1c-08838875a522_1853246813.jpeg?h=225&w=225",
                            "productId": 5709,
                            "store": {
                                "name": "Tesco",
                                "address": "123 Fake Street, Dublin",
                                "image": "assets/storeLogos/tesco.png",
                                "hierarchy": [
                                    "Fresh Food",
                                    "Chilled Fish & Sea Food"
                                ]
                            }
                        },
                        {
                            "Title": "Keoh/Ob Asian Style Tuna Stir Fry 300G",
                            "Price": "\u20ac6.00",
                            "Promotional Price": "Any 2 for \u20ac10 Clubcard Price - Selected Crafty Chef Or Fit Foods Or Keohane Ready To Cook",
                            "Price Per": "\u20ac20.00/kg",
                            "Product URL": "https://www.tesco.ie/groceries/en-IE/products/315347091",
                            "Image URL": "https://digitalcontent.api.tesco.com/v2/media/ghs/c610dc49-55c8-42b4-9279-957fa4b26546/c2e4da0c-6a58-4825-bcec-6093dc68527e_577188827.jpeg?h=225&w=225",
                            "productId": 1675,
                            "store": {
                                "name": "Tesco",
                                "address": "123 Fake Street, Dublin",
                                "image": "assets/storeLogos/tesco.png",
                                "hierarchy": [
                                    "Fresh Food",
                                    "Chilled Fish & Sea Food"
                                ]
                            }
                        },
                        {
                            "Title": "Keoh/Ob 2 Hot Small Salmon Fillets Black Peprcrn 180G",
                            "Price": "\u20ac6.00",
                            "Promotional Price": "",
                            "Price Per": "\u20ac33.33/kg",
                            "Product URL": "https://www.tesco.ie/groceries/en-IE/products/313738138",
                            "Image URL": "https://digitalcontent.api.tesco.com/v2/media/ghs/a15f4c72-466a-460d-9868-d10d64862e49/91221ccf-b376-4f4a-944a-87dc4f43aefe_1382609418.jpeg?h=225&w=225",
                            "productId": 6276,
                            "store": {
                                "name": "Tesco",
                                "address": "123 Fake Street, Dublin",
                                "image": "assets/storeLogos/tesco.png",
                                "hierarchy": [
                                    "Fresh Food",
                                    "Chilled Fish & Sea Food"
                                ]
                            }
                        },
                        {
                            "Title": "Open Ocean Pil Pil King Prawns 90G",
                            "Price": "\u20ac2.99",
                            "Promotional Price": "",
                            "Price Per": "\u20ac33.22/kg",
                            "Product URL": "https://www.tesco.ie/groceries/en-IE/products/313838383",
                            "Image URL": "https://digitalcontent.api.tesco.com/v2/media/ghs/53076327-e9e9-4753-9d9a-62e96275d93d/59f04615-6bca-4624-b7dd-766956f6b055_1652633028.jpeg?h=225&w=225",
                            "productId": 1194,
                            "store": {
                                "name": "Tesco",
                                "address": "123 Fake Street, Dublin",
                                "image": "assets/storeLogos/tesco.png",
                                "hierarchy": [
                                    "Fresh Food",
                                    "Chilled Fish & Sea Food"
                                ]
                            }
                        },
                        {
                            "Title": "Atlantictresures Smoked Mackerel World Taste Ginger 170G",
                            "Price": "\u20ac3.50",
                            "Promotional Price": "",
                            "Price Per": "\u20ac20.59/kg",
                            "Product URL": "https://www.tesco.ie/groceries/en-IE/products/280557460",
                            "Image URL": "https://digitalcontent.api.tesco.com/v2/media/ghs/3a7702bc-ce18-49d0-8b74-39d2390efac7/2fc45d3d-24dc-4470-996e-5198d73097d0_1025339912.jpeg?h=225&w=225",
                            "productId": 6275,
                            "store": {
                                "name": "Tesco",
                                "address": "123 Fake Street, Dublin",
                                "image": "assets/storeLogos/tesco.png",
                                "hierarchy": [
                                    "Fresh Food",
                                    "Chilled Fish & Sea Food"
                                ]
                            }
                        },
                        {
                            "Title": "Tesco Battered Irish Hake Fillet Bites 240G",
                            "Price": "\u20ac3.00",
                            "Promotional Price": "",
                            "Price Per": "\u20ac12.50/kg",
                            "Product URL": "https://www.tesco.ie/groceries/en-IE/products/312347017",
                            "Image URL": "https://digitalcontent.api.tesco.com/v2/media/ghs/976b8429-161d-4f51-af54-01612e2b3661/cdaad2cd-0e58-458a-a4a0-22d956675e84_339510875.jpeg?h=225&w=225",
                            "productId": 3266,
                            "store": {
                                "name": "Tesco",
                                "address": "123 Fake Street, Dublin",
                                "image": "assets/storeLogos/tesco.png",
                                "hierarchy": [
                                    "Fresh Food",
                                    "Chilled Fish & Sea Food"
                                ]
                            }
                        }
                    ],
                    "Chilled Food": [
                        {
                            "Title": "Lisner Matjas Herring Fillets 400G",
                            "Price": "\u20ac4.20",
                            "Promotional Price": "",
                            "Price Per": "\u20ac10.50/kg",
                            "Product URL": "https://www.tesco.ie/groceries/en-IE/products/290359587",
                            "Image URL": "https://digitalcontent.api.tesco.com/v2/media/ghs/308fd825-f165-409b-9d55-992a2d0b9b97/4af8461b-e636-4b25-9807-708fa2dd472d.jpeg?h=225&w=225",
                            "productId": 2107,
                            "store": {
                                "name": "Tesco",
                                "address": "123 Fake Street, Dublin",
                                "image": "assets/storeLogos/tesco.png",
                                "hierarchy": [
                                    "Fresh Food",
                                    "Chilled Food"
                                ]
                            }
                        },
                        {
                            "Title": "Lisner Matjas Herring Fillets 400G",
                            "Price": "\u20ac4.20",
                            "Promotional Price": "",
                            "Price Per": "\u20ac10.50/kg",
                            "Product URL": "https://www.tesco.ie/groceries/en-IE/products/290359587",
                            "Image URL": "https://digitalcontent.api.tesco.com/v2/media/ghs/308fd825-f165-409b-9d55-992a2d0b9b97/4af8461b-e636-4b25-9807-708fa2dd472d.jpeg?h=225&w=225",
                            "productId": 2652,
                            "store": {
                                "name": "Tesco",
                                "address": "123 Fake Street, Dublin",
                                "image": "assets/storeLogos/tesco.png",
                                "hierarchy": [
                                    "Fresh Food",
                                    "Chilled Food"
                                ]
                            }
                        }
                    ],
                    "Savoury Pastry": [
                        {
                            "Title": "Gourmet 2 Pork And Pancetta Sausage Rolls 260G",
                            "Price": "\u20ac3.99",
                            "Promotional Price": "\u20ac3.00 Clubcard Price",
                            "Price Per": "\u20ac15.35/kg",
                            "Product URL": "https://www.tesco.ie/groceries/en-IE/products/314598557",
                            "Image URL": "https://digitalcontent.api.tesco.com/v2/media/ghs/d9e0f198-180e-42ff-97ce-11073d7e2509/39941748-5fd7-4721-9f59-502eb9596d94_827633533.jpeg?h=225&w=225",
                            "productId": 5480,
                            "store": {
                                "name": "Tesco",
                                "address": "123 Fake Street, Dublin",
                                "image": "assets/storeLogos/tesco.png",
                                "hierarchy": [
                                    "Fresh Food",
                                    "Savoury Pastry"
                                ]
                            }
                        },
                        {
                            "Title": "Gourmet 2 Pork And Pancetta Sausage Rolls 260G",
                            "Price": "\u20ac3.99",
                            "Promotional Price": "\u20ac3.00 Clubcard Price",
                            "Price Per": "\u20ac15.35/kg",
                            "Product URL": "https://www.tesco.ie/groceries/en-IE/products/314598557",
                            "Image URL": "https://digitalcontent.api.tesco.com/v2/media/ghs/d9e0f198-180e-42ff-97ce-11073d7e2509/39941748-5fd7-4721-9f59-502eb9596d94_827633533.jpeg?h=225&w=225",
                            "productId": 4410,
                            "store": {
                                "name": "Tesco",
                                "address": "123 Fake Street, Dublin",
                                "image": "assets/storeLogos/tesco.png",
                                "hierarchy": [
                                    "Fresh Food",
                                    "Savoury Pastry"
                                ]
                            }
                        },
                        {
                            "Title": "Gourmet 2 Pork And Pancetta Sausage Rolls 260G",
                            "Price": "\u20ac3.99",
                            "Promotional Price": "\u20ac3.00 Clubcard Price",
                            "Price Per": "\u20ac15.35/kg",
                            "Product URL": "https://www.tesco.ie/groceries/en-IE/products/314598557",
                            "Image URL": "https://digitalcontent.api.tesco.com/v2/media/ghs/d9e0f198-180e-42ff-97ce-11073d7e2509/39941748-5fd7-4721-9f59-502eb9596d94_827633533.jpeg?h=225&w=225",
                            "productId": 7908,
                            "store": {
                                "name": "Tesco",
                                "address": "123 Fake Street, Dublin",
                                "image": "assets/storeLogos/tesco.png",
                                "hierarchy": [
                                    "Fresh Food",
                                    "Savoury Pastry"
                                ]
                            }
                        },
                        {
                            "Title": "Snax On The Go Ham And Cheese Slice 150G",
                            "Price": "\u20ac1.29",
                            "Promotional Price": "",
                            "Price Per": "\u20ac8.60/kg",
                            "Product URL": "https://www.tesco.ie/groceries/en-IE/products/311935576",
                            "Image URL": "https://digitalcontent.api.tesco.com/v2/media/ghs/9238a590-e231-4b11-8e00-d8729d57d399/40a3647a-44e8-4f35-8199-3d46afc6ef96_28261670.jpeg?h=225&w=225",
                            "productId": 8913,
                            "store": {
                                "name": "Tesco",
                                "address": "123 Fake Street, Dublin",
                                "image": "assets/storeLogos/tesco.png",
                                "hierarchy": [
                                    "Fresh Food",
                                    "Savoury Pastry"
                                ]
                            }
                        }
                    ],
                    "Fresh Meat & Poultry": [
                        {
                            "Title": "Tesco Finest Dry Cure Ham Fillet With Mp Glaze 2.1Kg",
                            "Price": "\u20ac25.00",
                            "Promotional Price": "",
                            "Price Per": "\u20ac11.90/kg",
                            "Product URL": "https://www.tesco.ie/groceries/en-IE/products/312698664",
                            "Image URL": "https://digitalcontent.api.tesco.com/v2/media/ghs/c1ebf481-e2d0-4781-bab6-6d7e44d92c57/0fc9d3d8-9038-4e35-859d-3eb1f11f2034_463580199.jpeg?h=225&w=225",
                            "productId": 2646,
                            "store": {
                                "name": "Tesco",
                                "address": "123 Fake Street, Dublin",
                                "image": "assets/storeLogos/tesco.png",
                                "hierarchy": [
                                    "Fresh Food",
                                    "Fresh Meat & Poultry"
                                ]
                            }
                        },
                        {
                            "Title": "O'neills Dry Cure Streaky Rashers 200G",
                            "Price": "\u20ac2.99",
                            "Promotional Price": "",
                            "Price Per": "\u20ac14.95/kg",
                            "Product URL": "https://www.tesco.ie/groceries/en-IE/products/279933920",
                            "Image URL": "https://digitalcontent.api.tesco.com/v2/media/ghs/36895a72-fe66-4f38-8a81-14b154b3ed01/snapshotimagehandler_463912546.jpeg?h=225&w=225",
                            "productId": 6784,
                            "store": {
                                "name": "Tesco",
                                "address": "123 Fake Street, Dublin",
                                "image": "assets/storeLogos/tesco.png",
                                "hierarchy": [
                                    "Fresh Food",
                                    "Fresh Meat & Poultry"
                                ]
                            }
                        },
                        {
                            "Title": "Silver Hill Duck A L'orange 460G",
                            "Price": "\u20ac9.99",
                            "Promotional Price": "",
                            "Price Per": "\u20ac21.72/kg",
                            "Product URL": "https://www.tesco.ie/groceries/en-IE/products/310147053",
                            "Image URL": "https://digitalcontent.api.tesco.com/v2/media/ghs/04b3bbbb-7f53-4311-a2c4-2db4acf36ccc/13699702-ce2d-4e43-b695-e082d01c2c99_1926527762.jpeg?h=225&w=225",
                            "productId": 8944,
                            "store": {
                                "name": "Tesco",
                                "address": "123 Fake Street, Dublin",
                                "image": "assets/storeLogos/tesco.png",
                                "hierarchy": [
                                    "Fresh Food",
                                    "Fresh Meat & Poultry"
                                ]
                            }
                        },
                        {
                            "Title": "Tesco Irish Chicken Drumsticks 1.6kg",
                            "Price": "\u20ac6.50",
                            "Promotional Price": "\u20ac5.50 Clubcard Price",
                            "Price Per": "\u20ac4.06/kg",
                            "Product URL": "https://www.tesco.ie/groceries/en-IE/products/316071837",
                            "Image URL": "https://digitalcontent.api.tesco.com/v2/media/ghs-mktg/b0b04216-fa73-466d-a9d7-c9fcfa1ce9b3/no-image.jpeg",
                            "productId": 8646,
                            "store": {
                                "name": "Tesco",
                                "address": "123 Fake Street, Dublin",
                                "image": "assets/storeLogos/tesco.png",
                                "hierarchy": [
                                    "Fresh Food",
                                    "Fresh Meat & Poultry"
                                ]
                            }
                        },
                        {
                            "Title": "Mccagheys Turkey Drumstick 860G",
                            "Price": "\u20ac4.35",
                            "Promotional Price": "",
                            "Price Per": "\u20ac5.06/kg",
                            "Product URL": "https://www.tesco.ie/groceries/en-IE/products/292621256",
                            "Image URL": "https://digitalcontent.api.tesco.com/v2/media/ghs/2167be1d-84d1-4515-ba95-8fa7dcfb18e0/snapshotimagehandler_981615634.jpeg?h=225&w=225",
                            "productId": 5597,
                            "store": {
                                "name": "Tesco",
                                "address": "123 Fake Street, Dublin",
                                "image": "assets/storeLogos/tesco.png",
                                "hierarchy": [
                                    "Fresh Food",
                                    "Fresh Meat & Poultry"
                                ]
                            }
                        },
                        {
                            "Title": "Tesco Irish Chicken Drumsticks 1.6kg",
                            "Price": "\u20ac6.50",
                            "Promotional Price": "\u20ac5.50 Clubcard Price",
                            "Price Per": "\u20ac4.06/kg",
                            "Product URL": "https://www.tesco.ie/groceries/en-IE/products/316071837",
                            "Image URL": "https://digitalcontent.api.tesco.com/v2/media/ghs-mktg/b0b04216-fa73-466d-a9d7-c9fcfa1ce9b3/no-image.jpeg",
                            "productId": 6575,
                            "store": {
                                "name": "Tesco",
                                "address": "123 Fake Street, Dublin",
                                "image": "assets/storeLogos/tesco.png",
                                "hierarchy": [
                                    "Fresh Food",
                                    "Fresh Meat & Poultry"
                                ]
                            }
                        },
                        {
                            "Title": "Tesco 50% Reduced Fat 8 Irish Beef Burgers 908g",
                            "Price": "\u20ac8.50",
                            "Promotional Price": "\u20ac7.50 Clubcard Price",
                            "Price Per": "\u20ac9.36/kg",
                            "Product URL": "https://www.tesco.ie/groceries/en-IE/products/316186100",
                            "Image URL": "https://digitalcontent.api.tesco.com/v2/media/ghs-mktg/b0b04216-fa73-466d-a9d7-c9fcfa1ce9b3/no-image.jpeg",
                            "productId": 2893,
                            "store": {
                                "name": "Tesco",
                                "address": "123 Fake Street, Dublin",
                                "image": "assets/storeLogos/tesco.png",
                                "hierarchy": [
                                    "Fresh Food",
                                    "Fresh Meat & Poultry"
                                ]
                            }
                        },
                        {
                            "Title": "Clonakilty White Pudding Rings 420G",
                            "Price": "\u20ac4.40",
                            "Promotional Price": "",
                            "Price Per": "\u20ac10.48/kg",
                            "Product URL": "https://www.tesco.ie/groceries/en-IE/products/286814550",
                            "Image URL": "https://digitalcontent.api.tesco.com/v2/media/ghs/4f9f66ca-b376-4b05-be2f-41f45934df4d/snapshotimagehandler_253079266.jpeg?h=225&w=225",
                            "productId": 7849,
                            "store": {
                                "name": "Tesco",
                                "address": "123 Fake Street, Dublin",
                                "image": "assets/storeLogos/tesco.png",
                                "hierarchy": [
                                    "Fresh Food",
                                    "Fresh Meat & Poultry"
                                ]
                            }
                        },
                        {
                            "Title": "Tesco Irish Lamb Casserole In Red Wine Jus 450G",
                            "Price": "\u20ac7.00",
                            "Promotional Price": "",
                            "Price Per": "\u20ac15.56/kg",
                            "Product URL": "https://www.tesco.ie/groceries/en-IE/products/312561739",
                            "Image URL": "https://digitalcontent.api.tesco.com/v2/media/ghs/970494d0-70a2-4276-907a-14d22f622378/5babeea0-90f5-428a-9bc5-7a85a5772b29_1105378320.jpeg?h=225&w=225",
                            "productId": 4475,
                            "store": {
                                "name": "Tesco",
                                "address": "123 Fake Street, Dublin",
                                "image": "assets/storeLogos/tesco.png",
                                "hierarchy": [
                                    "Fresh Food",
                                    "Fresh Meat & Poultry"
                                ]
                            }
                        },
                        {
                            "Title": "Rosie & Jim Southern Fried Fillets 280G",
                            "Price": "\u20ac4.99",
                            "Promotional Price": "",
                            "Price Per": "\u20ac17.82/kg",
                            "Product URL": "https://www.tesco.ie/groceries/en-IE/products/307302882",
                            "Image URL": "https://digitalcontent.api.tesco.com/v2/media/ghs/72f0738d-b32e-4593-9baf-74b109fe4548/e0a52482-9ea6-4853-be01-555bdbda1069.jpeg?h=225&w=225",
                            "productId": 7197,
                            "store": {
                                "name": "Tesco",
                                "address": "123 Fake Street, Dublin",
                                "image": "assets/storeLogos/tesco.png",
                                "hierarchy": [
                                    "Fresh Food",
                                    "Fresh Meat & Poultry"
                                ]
                            }
                        },
                        {
                            "Title": "Tesco Finest 2 Irish Corn Fed Bbq Chicken Breasts 390G",
                            "Price": "\u20ac7.00",
                            "Promotional Price": "\u20ac6.00 Clubcard Price",
                            "Price Per": "\u20ac17.95/kg",
                            "Product URL": "https://www.tesco.ie/groceries/en-IE/products/313622661",
                            "Image URL": "https://digitalcontent.api.tesco.com/v2/media/ghs/0276e082-9ef0-4110-96ce-509d19df7843/8b79e84a-c765-42ac-92bb-6dd975520f58_736448224.jpeg?h=225&w=225",
                            "productId": 8364,
                            "store": {
                                "name": "Tesco",
                                "address": "123 Fake Street, Dublin",
                                "image": "assets/storeLogos/tesco.png",
                                "hierarchy": [
                                    "Fresh Food",
                                    "Fresh Meat & Poultry"
                                ]
                            }
                        },
                        {
                            "Title": "Tesco Irish Half Lamb Leg 1.2Kg",
                            "Price": "\u20ac11.80",
                            "Promotional Price": "",
                            "Price Per": "\u20ac9.83/kg",
                            "Product URL": "https://www.tesco.ie/groceries/en-IE/products/298650610",
                            "Image URL": "https://digitalcontent.api.tesco.com/v2/media/ghs-mktg/b0b04216-fa73-466d-a9d7-c9fcfa1ce9b3/no-image.jpeg",
                            "productId": 2032,
                            "store": {
                                "name": "Tesco",
                                "address": "123 Fake Street, Dublin",
                                "image": "assets/storeLogos/tesco.png",
                                "hierarchy": [
                                    "Fresh Food",
                                    "Fresh Meat & Poultry"
                                ]
                            }
                        },
                        {
                            "Title": "Tesco Irish Chicken Drumsticks 1.6kg",
                            "Price": "\u20ac6.50",
                            "Promotional Price": "\u20ac5.50 Clubcard Price",
                            "Price Per": "\u20ac4.06/kg",
                            "Product URL": "https://www.tesco.ie/groceries/en-IE/products/316071837",
                            "Image URL": "https://digitalcontent.api.tesco.com/v2/media/ghs-mktg/b0b04216-fa73-466d-a9d7-c9fcfa1ce9b3/no-image.jpeg",
                            "productId": 1120,
                            "store": {
                                "name": "Tesco",
                                "address": "123 Fake Street, Dublin",
                                "image": "assets/storeLogos/tesco.png",
                                "hierarchy": [
                                    "Fresh Food",
                                    "Fresh Meat & Poultry"
                                ]
                            }
                        },
                        {
                            "Title": "Tesco Irish Pork Loin Chops 1.04kg",
                            "Price": "\u20ac8.00",
                            "Promotional Price": "\u20ac7.00 Clubcard Price",
                            "Price Per": "\u20ac7.69/kg",
                            "Product URL": "https://www.tesco.ie/groceries/en-IE/products/315965240",
                            "Image URL": "https://digitalcontent.api.tesco.com/v2/media/ghs-mktg/b0b04216-fa73-466d-a9d7-c9fcfa1ce9b3/no-image.jpeg",
                            "productId": 2283,
                            "store": {
                                "name": "Tesco",
                                "address": "123 Fake Street, Dublin",
                                "image": "assets/storeLogos/tesco.png",
                                "hierarchy": [
                                    "Fresh Food",
                                    "Fresh Meat & Poultry"
                                ]
                            }
                        },
                        {
                            "Title": "Granby Coarse White Pudding 300G",
                            "Price": "\u20ac1.99",
                            "Promotional Price": "",
                            "Price Per": "\u20ac6.63/kg",
                            "Product URL": "https://www.tesco.ie/groceries/en-IE/products/312585057",
                            "Image URL": "https://digitalcontent.api.tesco.com/v2/media/ghs/3e5d2339-feef-4495-80dc-6e8e6b371fdd/snapshotimagehandler_206762457.jpeg?h=225&w=225",
                            "productId": 1953,
                            "store": {
                                "name": "Tesco",
                                "address": "123 Fake Street, Dublin",
                                "image": "assets/storeLogos/tesco.png",
                                "hierarchy": [
                                    "Fresh Food",
                                    "Fresh Meat & Poultry"
                                ]
                            }
                        }
                    ],
                    "Fresh Vegetables": [
                        {
                            "Title": "Tesco Golden Wonder 2Kg",
                            "Price": "\u20ac3.69",
                            "Promotional Price": "",
                            "Price Per": "\u20ac1.84/kg",
                            "Product URL": "https://www.tesco.ie/groceries/en-IE/products/294286840",
                            "Image URL": "https://digitalcontent.api.tesco.com/v2/media/ghs/f4120fa9-8681-433d-b78c-dec216b10aa5/snapshotimagehandler_1004597903.jpeg?h=225&w=225",
                            "productId": 2741,
                            "store": {
                                "name": "Tesco",
                                "address": "123 Fake Street, Dublin",
                                "image": "assets/storeLogos/tesco.png",
                                "hierarchy": [
                                    "Fresh Food",
                                    "Fresh Vegetables"
                                ]
                            }
                        },
                        {
                            "Title": "Total Organics Organic Leeks 300G",
                            "Price": "\u20ac2.20",
                            "Promotional Price": "",
                            "Price Per": "\u20ac7.33/kg",
                            "Product URL": "https://www.tesco.ie/groceries/en-IE/products/310122094",
                            "Image URL": "https://digitalcontent.api.tesco.com/v2/media/ghs/57e10ecb-6e27-4c16-b5ba-37a23439c0e3/b79e097d-e5ee-498f-9b3b-ab56a2f66d39_2018671415.jpeg?h=225&w=225",
                            "productId": 8685,
                            "store": {
                                "name": "Tesco",
                                "address": "123 Fake Street, Dublin",
                                "image": "assets/storeLogos/tesco.png",
                                "hierarchy": [
                                    "Fresh Food",
                                    "Fresh Vegetables"
                                ]
                            }
                        },
                        {
                            "Title": "Top Fennel 1 Piece",
                            "Price": "\u20ac1.59",
                            "Promotional Price": "",
                            "Price Per": "\u20ac1.59/each",
                            "Product URL": "https://www.tesco.ie/groceries/en-IE/products/311267433",
                            "Image URL": "https://digitalcontent.api.tesco.com/v2/media/ghs/31967e1b-8b03-4aaf-9c74-012de2e8e0b7/5b19b618-44ed-4bdd-9a72-45a5e614d923_129700862.jpeg?h=225&w=225",
                            "productId": 1097,
                            "store": {
                                "name": "Tesco",
                                "address": "123 Fake Street, Dublin",
                                "image": "assets/storeLogos/tesco.png",
                                "hierarchy": [
                                    "Fresh Food",
                                    "Fresh Vegetables"
                                ]
                            }
                        },
                        {
                            "Title": "Iona Farm Baby Rainbow Carrots 200G",
                            "Price": "\u20ac2.59",
                            "Promotional Price": "",
                            "Price Per": "\u20ac12.95/kg",
                            "Product URL": "https://www.tesco.ie/groceries/en-IE/products/307151459",
                            "Image URL": "https://digitalcontent.api.tesco.com/v2/media/ghs/f2bbb724-1e55-4b38-9a4e-3a01c2269e6e/snapshotimagehandler_1434702822.jpeg?h=225&w=225",
                            "productId": 5931,
                            "store": {
                                "name": "Tesco",
                                "address": "123 Fake Street, Dublin",
                                "image": "assets/storeLogos/tesco.png",
                                "hierarchy": [
                                    "Fresh Food",
                                    "Fresh Vegetables"
                                ]
                            }
                        },
                        {
                            "Title": "Tesco Red Onions Loose",
                            "Price": "\u20ac0.49",
                            "Promotional Price": "",
                            "Price Per": "\u20ac0.49/each",
                            "Product URL": "https://www.tesco.ie/groceries/en-IE/products/313501263",
                            "Image URL": "https://digitalcontent.api.tesco.com/v2/media/ghs-mktg/b0b04216-fa73-466d-a9d7-c9fcfa1ce9b3/no-image.jpeg",
                            "productId": 1119,
                            "store": {
                                "name": "Tesco",
                                "address": "123 Fake Street, Dublin",
                                "image": "assets/storeLogos/tesco.png",
                                "hierarchy": [
                                    "Fresh Food",
                                    "Fresh Vegetables"
                                ]
                            }
                        },
                        {
                            "Title": "Tesco Southwest Style Chipotle Dressing 170G",
                            "Price": "\u20ac2.00",
                            "Promotional Price": "",
                            "Price Per": "\u20ac11.76/kg",
                            "Product URL": "https://www.tesco.ie/groceries/en-IE/products/313836546",
                            "Image URL": "https://digitalcontent.api.tesco.com/v2/media/ghs/84dbc8d6-384e-403d-a3f9-7a5d42a66f1b/3393e057-fd30-4fa5-84ef-8de0c614f257_684922710.jpeg?h=225&w=225",
                            "productId": 1587,
                            "store": {
                                "name": "Tesco",
                                "address": "123 Fake Street, Dublin",
                                "image": "assets/storeLogos/tesco.png",
                                "hierarchy": [
                                    "Fresh Food",
                                    "Fresh Vegetables"
                                ]
                            }
                        },
                        {
                            "Title": "Good4u Lentil Sprout Mix 180G",
                            "Price": "\u20ac1.79",
                            "Promotional Price": "Any 2 for \u20ac3 Clubcard Price - Selected Tesco Salad 60g-180g",
                            "Price Per": "\u20ac9.94/kg",
                            "Product URL": "https://www.tesco.ie/groceries/en-IE/products/262138062",
                            "Image URL": "https://digitalcontent.api.tesco.com/v2/media/ghs/aa81a356-101e-40ae-9d0a-3dff3464105d/snapshotimagehandler_1177239528.jpeg?h=225&w=225",
                            "productId": 3448,
                            "store": {
                                "name": "Tesco",
                                "address": "123 Fake Street, Dublin",
                                "image": "assets/storeLogos/tesco.png",
                                "hierarchy": [
                                    "Fresh Food",
                                    "Fresh Vegetables"
                                ]
                            }
                        },
                        {
                            "Title": "Donnelly Fresh Bombay Cauliflower 350g",
                            "Price": "\u20ac2.99",
                            "Promotional Price": "",
                            "Price Per": "\u20ac8.54/kg",
                            "Product URL": "https://www.tesco.ie/groceries/en-IE/products/315471547",
                            "Image URL": "https://digitalcontent.api.tesco.com/v2/media/ghs/21ba1f53-9cfd-4688-83f5-ea83335be9bd/5aa290ba-25e1-4223-a67e-25e2d7067cfc_49406090.jpeg?h=225&w=225",
                            "productId": 9045,
                            "store": {
                                "name": "Tesco",
                                "address": "123 Fake Street, Dublin",
                                "image": "assets/storeLogos/tesco.png",
                                "hierarchy": [
                                    "Fresh Food",
                                    "Fresh Vegetables"
                                ]
                            }
                        },
                        {
                            "Title": "Green Growers Garlic Smoked Twin Pack",
                            "Price": "\u20ac2.00",
                            "Promotional Price": "",
                            "Price Per": "\u20ac1.00/each",
                            "Product URL": "https://www.tesco.ie/groceries/en-IE/products/315392370",
                            "Image URL": "https://digitalcontent.api.tesco.com/v2/media/ghs-mktg/b0b04216-fa73-466d-a9d7-c9fcfa1ce9b3/no-image.jpeg",
                            "productId": 1748,
                            "store": {
                                "name": "Tesco",
                                "address": "123 Fake Street, Dublin",
                                "image": "assets/storeLogos/tesco.png",
                                "hierarchy": [
                                    "Fresh Food",
                                    "Fresh Vegetables"
                                ]
                            }
                        },
                        {
                            "Title": "Tesco Southwest Style Chipotle Dressing 170G",
                            "Price": "\u20ac2.00",
                            "Promotional Price": "",
                            "Price Per": "\u20ac11.76/kg",
                            "Product URL": "https://www.tesco.ie/groceries/en-IE/products/313836546",
                            "Image URL": "https://digitalcontent.api.tesco.com/v2/media/ghs/84dbc8d6-384e-403d-a3f9-7a5d42a66f1b/3393e057-fd30-4fa5-84ef-8de0c614f257_684922710.jpeg?h=225&w=225",
                            "productId": 8003,
                            "store": {
                                "name": "Tesco",
                                "address": "123 Fake Street, Dublin",
                                "image": "assets/storeLogos/tesco.png",
                                "hierarchy": [
                                    "Fresh Food",
                                    "Fresh Vegetables"
                                ]
                            }
                        },
                        {
                            "Title": "Farm Select Mangetout And Baby Corn 175G",
                            "Price": "\u20ac1.99",
                            "Promotional Price": "",
                            "Price Per": "\u20ac11.37/kg",
                            "Product URL": "https://www.tesco.ie/groceries/en-IE/products/311433916",
                            "Image URL": "https://digitalcontent.api.tesco.com/v2/media/ghs/3f3544c9-d8fc-4c07-a9ec-41e4bad9ecbb/06f4f22e-9b0b-4a03-8921-4b14ec4a960a_255765911.jpeg?h=225&w=225",
                            "productId": 8700,
                            "store": {
                                "name": "Tesco",
                                "address": "123 Fake Street, Dublin",
                                "image": "assets/storeLogos/tesco.png",
                                "hierarchy": [
                                    "Fresh Food",
                                    "Fresh Vegetables"
                                ]
                            }
                        },
                        {
                            "Title": "Tesco Pak Choi 250G",
                            "Price": "\u20ac1.39",
                            "Promotional Price": "",
                            "Price Per": "\u20ac5.56/kg",
                            "Product URL": "https://www.tesco.ie/groceries/en-IE/products/252895723",
                            "Image URL": "https://digitalcontent.api.tesco.com/v2/media/ghs/fe98394e-c9a9-4c86-b5fd-a4cef10d7cca/1f13b1f6-dec0-4348-a4b1-e7f8cca411e7.jpeg?h=225&w=225",
                            "productId": 5006,
                            "store": {
                                "name": "Tesco",
                                "address": "123 Fake Street, Dublin",
                                "image": "assets/storeLogos/tesco.png",
                                "hierarchy": [
                                    "Fresh Food",
                                    "Fresh Vegetables"
                                ]
                            }
                        },
                        {
                            "Title": "Insanely Good Katsu Curry Stir Fry Sauce 180G",
                            "Price": "\u20ac1.50",
                            "Promotional Price": "",
                            "Price Per": "\u20ac8.33/kg",
                            "Product URL": "https://www.tesco.ie/groceries/en-IE/products/311806286",
                            "Image URL": "https://digitalcontent.api.tesco.com/v2/media/ghs/e6ae96a3-5a3c-4d88-ac91-76eafe2474c8/c01919e5-fd7f-4808-bd85-f2e3b7ba201d_2016607356.jpeg?h=225&w=225",
                            "productId": 6875,
                            "store": {
                                "name": "Tesco",
                                "address": "123 Fake Street, Dublin",
                                "image": "assets/storeLogos/tesco.png",
                                "hierarchy": [
                                    "Fresh Food",
                                    "Fresh Vegetables"
                                ]
                            }
                        },
                        {
                            "Title": "Tesco Portobello Mushrooms 250G (C)",
                            "Price": "\u20ac1.65",
                            "Promotional Price": "",
                            "Price Per": "\u20ac6.60/kg",
                            "Product URL": "https://www.tesco.ie/groceries/en-IE/products/259119227",
                            "Image URL": "https://digitalcontent.api.tesco.com/v2/media/ghs/bda3fd02-0b48-4b74-9dfd-29b186345941/snapshotimagehandler_259245346.jpeg?h=225&w=225",
                            "productId": 9731,
                            "store": {
                                "name": "Tesco",
                                "address": "123 Fake Street, Dublin",
                                "image": "assets/storeLogos/tesco.png",
                                "hierarchy": [
                                    "Fresh Food",
                                    "Fresh Vegetables"
                                ]
                            }
                        },
                        {
                            "Title": "Tesco Cauliflower Extra Large Eac",
                            "Price": "Currently out of stock",
                            "Promotional Price": "",
                            "Price Per": "",
                            "Product URL": "https://www.tesco.ie/groceries/en-IE/products/254973708",
                            "Image URL": "https://digitalcontent.api.tesco.com/v2/media/ghs/3bfbc820-58a0-4e51-925f-278a3aa0c8d4/a9b90db8-db81-4b0c-ae49-11b06f403491_577082919.jpeg?h=225&w=225",
                            "productId": 3219,
                            "store": {
                                "name": "Tesco",
                                "address": "123 Fake Street, Dublin",
                                "image": "assets/storeLogos/tesco.png",
                                "hierarchy": [
                                    "Fresh Food",
                                    "Fresh Vegetables"
                                ]
                            }
                        },
                        {
                            "Title": "Total Organics Organic Vacuum Packed Sweet Corn 500G",
                            "Price": "\u20ac2.65",
                            "Promotional Price": "",
                            "Price Per": "\u20ac5.30/kg",
                            "Product URL": "https://www.tesco.ie/groceries/en-IE/products/312359041",
                            "Image URL": "https://digitalcontent.api.tesco.com/v2/media/ghs/178a5a01-19e4-483c-9b95-5f99f948d382/fc3cab3e-77f5-4684-b67f-35a18e9808ba_1458406387.jpeg?h=225&w=225",
                            "productId": 1007,
                            "store": {
                                "name": "Tesco",
                                "address": "123 Fake Street, Dublin",
                                "image": "assets/storeLogos/tesco.png",
                                "hierarchy": [
                                    "Fresh Food",
                                    "Fresh Vegetables"
                                ]
                            }
                        }
                    ],
                    "Fresh Fruit": [
                        {
                            "Title": "Bagu Naturally Sweet Easy Peelers 2.3Kg",
                            "Price": "\u20ac6.50",
                            "Promotional Price": "",
                            "Price Per": "\u20ac2.83/kg",
                            "Product URL": "https://www.tesco.ie/groceries/en-IE/products/305965065",
                            "Image URL": "https://digitalcontent.api.tesco.com/v2/media/ghs/28eb3dd8-d049-44b3-9ad6-2dc4d5624a96/3abfbaec-7e7d-4952-b3fa-76c37308197b_977623686.jpeg?h=225&w=225",
                            "productId": 7540,
                            "store": {
                                "name": "Tesco",
                                "address": "123 Fake Street, Dublin",
                                "image": "assets/storeLogos/tesco.png",
                                "hierarchy": [
                                    "Fresh Food",
                                    "Fresh Fruit"
                                ]
                            }
                        },
                        {
                            "Title": "Simplyfruit Mango Chunks 275G",
                            "Price": "Currently out of stock",
                            "Promotional Price": "",
                            "Price Per": "",
                            "Product URL": "https://www.tesco.ie/groceries/en-IE/products/308081190",
                            "Image URL": "https://digitalcontent.api.tesco.com/v2/media/ghs/0afd80de-f4a8-4d46-b915-59e9c0387804/snapshotimagehandler_1851441245.jpeg?h=225&w=225",
                            "productId": 7592,
                            "store": {
                                "name": "Tesco",
                                "address": "123 Fake Street, Dublin",
                                "image": "assets/storeLogos/tesco.png",
                                "hierarchy": [
                                    "Fresh Food",
                                    "Fresh Fruit"
                                ]
                            }
                        },
                        {
                            "Title": "Suntrail Farms Ripen At Home Plum 400G",
                            "Price": "\u20ac1.19",
                            "Promotional Price": "",
                            "Price Per": "\u20ac2.98/kg",
                            "Product URL": "https://www.tesco.ie/groceries/en-IE/products/292275580",
                            "Image URL": "https://digitalcontent.api.tesco.com/v2/media/ghs/7db35310-fb6a-4168-9475-38e3d77f4960/bf684860-89d7-4175-9bf6-28e7073f4332_54619854.jpeg?h=225&w=225",
                            "productId": 4429,
                            "store": {
                                "name": "Tesco",
                                "address": "123 Fake Street, Dublin",
                                "image": "assets/storeLogos/tesco.png",
                                "hierarchy": [
                                    "Fresh Food",
                                    "Fresh Fruit"
                                ]
                            }
                        },
                        {
                            "Title": "Pink Lady Organic Apples 4 Pack",
                            "Price": "Currently out of stock",
                            "Promotional Price": "",
                            "Price Per": "",
                            "Product URL": "https://www.tesco.ie/groceries/en-IE/products/309189891",
                            "Image URL": "https://digitalcontent.api.tesco.com/v2/media/ghs-mktg/b0b04216-fa73-466d-a9d7-c9fcfa1ce9b3/no-image.jpeg",
                            "productId": 2708,
                            "store": {
                                "name": "Tesco",
                                "address": "123 Fake Street, Dublin",
                                "image": "assets/storeLogos/tesco.png",
                                "hierarchy": [
                                    "Fresh Food",
                                    "Fresh Fruit"
                                ]
                            }
                        },
                        {
                            "Title": "Tesco Raspberries 250G",
                            "Price": "Currently out of stock",
                            "Promotional Price": "",
                            "Price Per": "",
                            "Product URL": "https://www.tesco.ie/groceries/en-IE/products/287377736",
                            "Image URL": "https://digitalcontent.api.tesco.com/v2/media/ghs/27807a2d-245f-449e-9fd4-adb7181ca111/241e9e07-9ae6-48ab-8f4e-c9d831a2bbca.jpeg?h=225&w=225",
                            "productId": 8677,
                            "store": {
                                "name": "Tesco",
                                "address": "123 Fake Street, Dublin",
                                "image": "assets/storeLogos/tesco.png",
                                "hierarchy": [
                                    "Fresh Food",
                                    "Fresh Fruit"
                                ]
                            }
                        },
                        {
                            "Title": "Pink Lady Organic Apples 4 Pack",
                            "Price": "Currently out of stock",
                            "Promotional Price": "",
                            "Price Per": "",
                            "Product URL": "https://www.tesco.ie/groceries/en-IE/products/309189891",
                            "Image URL": "https://digitalcontent.api.tesco.com/v2/media/ghs-mktg/b0b04216-fa73-466d-a9d7-c9fcfa1ce9b3/no-image.jpeg",
                            "productId": 9308,
                            "store": {
                                "name": "Tesco",
                                "address": "123 Fake Street, Dublin",
                                "image": "assets/storeLogos/tesco.png",
                                "hierarchy": [
                                    "Fresh Food",
                                    "Fresh Fruit"
                                ]
                            }
                        },
                        {
                            "Title": "Tesco Finest Red Grapes Seedless 400G",
                            "Price": "\u20ac2.99",
                            "Promotional Price": "Any 2 for \u20ac5.50 Clubcard Price - Selected Tesco Finest* Grapes Seedless Or Strawberries Or Raspberries",
                            "Price Per": "\u20ac7.48/kg",
                            "Product URL": "https://www.tesco.ie/groceries/en-IE/products/310094990",
                            "Image URL": "https://digitalcontent.api.tesco.com/v2/media/ghs/a0e71d5a-549c-4c0b-b4a0-91bc33f7a519/5e1824dc-c8f3-41bf-87ee-3955a91e0976.jpeg?h=225&w=225",
                            "productId": 4000,
                            "store": {
                                "name": "Tesco",
                                "address": "123 Fake Street, Dublin",
                                "image": "assets/storeLogos/tesco.png",
                                "hierarchy": [
                                    "Fresh Food",
                                    "Fresh Fruit"
                                ]
                            }
                        },
                        {
                            "Title": "Pink Lady Organic Apples 4 Pack",
                            "Price": "Currently out of stock",
                            "Promotional Price": "",
                            "Price Per": "",
                            "Product URL": "https://www.tesco.ie/groceries/en-IE/products/309189891",
                            "Image URL": "https://digitalcontent.api.tesco.com/v2/media/ghs-mktg/b0b04216-fa73-466d-a9d7-c9fcfa1ce9b3/no-image.jpeg",
                            "productId": 7362,
                            "store": {
                                "name": "Tesco",
                                "address": "123 Fake Street, Dublin",
                                "image": "assets/storeLogos/tesco.png",
                                "hierarchy": [
                                    "Fresh Food",
                                    "Fresh Fruit"
                                ]
                            }
                        },
                        {
                            "Title": "Tesco Braeburn Apple Each",
                            "Price": "Currently out of stock",
                            "Promotional Price": "",
                            "Price Per": "",
                            "Product URL": "https://www.tesco.ie/groceries/en-IE/products/286370601",
                            "Image URL": "https://digitalcontent.api.tesco.com/v2/media/ghs/902ce50f-e4e9-481c-a6c8-a02d62706cd3/ad76a9b0-7172-4861-8824-6a41286e1774_2130019579.jpeg?h=225&w=225",
                            "productId": 5318,
                            "store": {
                                "name": "Tesco",
                                "address": "123 Fake Street, Dublin",
                                "image": "assets/storeLogos/tesco.png",
                                "hierarchy": [
                                    "Fresh Food",
                                    "Fresh Fruit"
                                ]
                            }
                        },
                        {
                            "Title": "Tesco Cocoa & Vanilla Flavour Nut Mix 25G",
                            "Price": "\u20ac0.80",
                            "Promotional Price": "",
                            "Price Per": "\u20ac32.00/kg",
                            "Product URL": "https://www.tesco.ie/groceries/en-IE/products/311797531",
                            "Image URL": "https://digitalcontent.api.tesco.com/v2/media/ghs/a6ca88e3-cc89-4745-812e-0f61f3ed842a/013ccf2e-7981-49e4-91e2-7eef976f4149_1398031008.jpeg?h=225&w=225",
                            "productId": 1959,
                            "store": {
                                "name": "Tesco",
                                "address": "123 Fake Street, Dublin",
                                "image": "assets/storeLogos/tesco.png",
                                "hierarchy": [
                                    "Fresh Food",
                                    "Fresh Fruit"
                                ]
                            }
                        },
                        {
                            "Title": "Farm Select Kumquats 250g",
                            "Price": "\u20ac2.99",
                            "Promotional Price": "",
                            "Price Per": "\u20ac11.96/kg",
                            "Product URL": "https://www.tesco.ie/groceries/en-IE/products/315145220",
                            "Image URL": "https://digitalcontent.api.tesco.com/v2/media/ghs-mktg/b0b04216-fa73-466d-a9d7-c9fcfa1ce9b3/no-image.jpeg",
                            "productId": 9105,
                            "store": {
                                "name": "Tesco",
                                "address": "123 Fake Street, Dublin",
                                "image": "assets/storeLogos/tesco.png",
                                "hierarchy": [
                                    "Fresh Food",
                                    "Fresh Fruit"
                                ]
                            }
                        },
                        {
                            "Title": "Dole Be Exotic Avocado 2 pack",
                            "Price": "\u20ac2.99",
                            "Promotional Price": "",
                            "Price Per": "\u20ac1.50/each",
                            "Product URL": "https://www.tesco.ie/groceries/en-IE/products/313842481",
                            "Image URL": "https://digitalcontent.api.tesco.com/v2/media/ghs/890272d0-7418-4966-a7fb-f22d49fe7f98/9c3a2881-5e1e-40c9-a61d-a931c159d306_1005639409.jpeg?h=225&w=225",
                            "productId": 6081,
                            "store": {
                                "name": "Tesco",
                                "address": "123 Fake Street, Dublin",
                                "image": "assets/storeLogos/tesco.png",
                                "hierarchy": [
                                    "Fresh Food",
                                    "Fresh Fruit"
                                ]
                            }
                        },
                        {
                            "Title": "Chiquita Banana 1Kg",
                            "Price": "\u20ac2.69",
                            "Promotional Price": "",
                            "Price Per": "\u20ac2.69/kg",
                            "Product URL": "https://www.tesco.ie/groceries/en-IE/products/307754489",
                            "Image URL": "https://digitalcontent.api.tesco.com/v2/media/ghs/462a1ef2-92a6-439c-bb0d-e4e642924e12/863d4ddd-2a4a-40e0-ad3e-e3cc2b05d113_907349957.jpeg?h=225&w=225",
                            "productId": 6370,
                            "store": {
                                "name": "Tesco",
                                "address": "123 Fake Street, Dublin",
                                "image": "assets/storeLogos/tesco.png",
                                "hierarchy": [
                                    "Fresh Food",
                                    "Fresh Fruit"
                                ]
                            }
                        },
                        {
                            "Title": "Suntrail Farms Nectarines Minimum 4",
                            "Price": "Currently out of stock",
                            "Promotional Price": "",
                            "Price Per": "",
                            "Product URL": "https://www.tesco.ie/groceries/en-IE/products/292275515",
                            "Image URL": "https://digitalcontent.api.tesco.com/v2/media/ghs/6021c874-ca9a-4d76-ab94-e026d55641ad/ce4170f3-43c1-41ac-868e-3862286386ec_790447698.jpeg?h=225&w=225",
                            "productId": 2526,
                            "store": {
                                "name": "Tesco",
                                "address": "123 Fake Street, Dublin",
                                "image": "assets/storeLogos/tesco.png",
                                "hierarchy": [
                                    "Fresh Food",
                                    "Fresh Fruit"
                                ]
                            }
                        }
                    ]
                }
            }
        }
    ]
}